idDeal,investor,company,state,type,date,size,industry,revenue,ebitda,debt
76379,1315 Capital,"Biocoat, Inc.",Pennsylvania,Buyout,12/20/2018,989.63208,Chemicals,783.0092199943409,14.00678658822257,29
79023,1315 Capital,Restorative Therapies,Maryland,Buyout,12/19/2018,1428.3776,Medical Devices,3756.003107462528,14.00517243949402,13.90124923242016
78968,1315 Capital,Centurion Service Group,Illinois,Buyout,10/18/2018,1440.5039,Medical Devices,746.851972076927,14.00135668331463,111.7087565085304
78353,3 Rivers Capital,"Amazing Care Home Health Services, Inc.",Colorado,Buyout,11/2/2018,.13405271,Healthcare,862.4169752913497,14.00706683063585,80.00947116454583
73519,39 North Capital Partners,"Eegee's, Inc.",Arizona,Buyout,10/5/2018,150.00508,Restaurants,862.4117910829575,14.00525773048106,35.47833008363636
68057,3i,"International Cruise & Excursions, Inc.",Arizona,Buyout,4/24/2018,150,Leisure,862.41,14.00256195116494,35.47425557298379
69513,A&M Capital Partners,"Paramedics Plus, L.L.C.",Texas,Buyout,2/16/2018,6.1283512,Healthcare,2200.003688138868,14.003060037379,1961.54775651617
74364,A&M Capital Partners,"Pritchard Industries, Inc.",New York,Buyout,10/1/2018,3100.0017,Business Services,2550.001847642955,358.0012966176361,170
67747,A&M Capital Partners,"Client Network Services, Inc.",Maryland,Buyout,4/4/2018,1428.3746,Outsourcing,3756.004367619271,14.00823919532526,83.89470080603699
68327,Abacus Finance,"Transnetyx, Inc.",Tennessee,Buyout,3/22/2018,200.00278,Healthcare,1800.000345605415,14.00466097762514,25.2
67701,Abacus Finance,Quest Software Inc.,Michigan,Buyout,4/10/2018,12.321623,Software,862.4189952135987,14.00828508158851,11.70488375399838
67428,Abacus Finance,YX Genomics Holding Corporation,Tennessee,Buyout,3/22/2018,6700.0024,Biotechnology,1800.00867773443,14.00464839312885,22.5
73521,Abbey Road Capital,"Convert IT Marketing, Inc.",Florida,Buyout,8/31/2018,400.00909,Software,89.60816340700667,34.60214055086618,6
66159,ABDD Capital,24 Taco Bell Stores,Kentucky,Buyout,2/5/2018,1092.1843,Restaurants,1700.004898513886,136.0035801797987,4.590637500218869
67423,Aberdeen Standard Investments,Class Appraisal LLC,Michigan,Buyout,3/26/2018,12.323097,Financial Services,862.4135156114555,14.00304013222161,11.70195424321683
67780,ABRY Partners,"SiteLock, LLC",Arizona,Buyout,4/12/2018,18.388525,IT Security,862.4156921891465,14.0034594287787,35.4754006350206
69508,ABRY Partners,"Screenvision Exhibition, Inc.",New York,Buyout,6/6/2018,380,Advertising,2550.005982464776,358.0071892372432,28.16762543804283
68874,Accel-KKR,"Sageworks, Inc.",North Carolina,Buyout,5/16/2018,46899.988,Software,862.4164230105437,14.00491673044566,4.596063806962044
67789,Accel-KKR,"Salsa Labs, Inc.",Maryland,Buyout,4/12/2018,1428.3729,Software,3756.002270650801,14.00404367327396,13.90374749963864
80702,Accel-KKR,"Drillinginfo, Inc.",Texas,Buyout,9/18/2018,205.00128,Software,2200.004858550109,14.00263456266079,325.0013689159201
81228,Accelmed,"Keystone Dental, Inc.",Massachusetts,Buyout,6/4/2018,7.8641553,Healthcare,862.4115880008524,14.00841179454405,39.13215255721884
83755,Ace & Company,Acuity Eyecare Group,Texas,Buyout,7/10/2018,6.1293011,Healthcare,2200.004694935824,14.00071452894885,325.0034751635063
73252,ACON Investments,Fleetwash Inc.,New Jersey,Buyout,10/2/2018,26.888145,Business Services,862.4135074602875,14.00463211686987,34.23578413710533
75417,ACON Investments,"International Imaging Materials, Inc.",New York,Buyout,12/11/2018,307.11096,Publishing,2550.006878461355,358.0083862135286,28.17527026063102
67226,ACON Investments,True Value Company,Illinois,Buyout,3/15/2018,229,Retail,746.8522816690399,14.00151442595929,111.7073059820023
70813,Acorn Growth Companies,"Berry Aviation, Inc.",Texas,Buyout,7/16/2018,205.00383,Aerospace,2200.00171469369,14.00240923894275,325.0082053022012
79031,Adamantem Capital,Servian,New South Wales,Buyout,7/1/2018,67.234558,IT,50.00311269595393,14.00319824145812,4.59229716268164
67753,Advent International,"Clearent, LLC",Missouri,Buyout,3/30/2018,395.00092,Software,330.0055628372402,14.00695873761255,187.5
72548,Advent Partners,SILK Laser Clinics PTY LTD,South Australia,Buyout,2/20/2018,21.1,Healthcare,862.4183944174058,14.00897489824969,4.591841178301544
70168,AE Industrial Partners,"D&D Power, Inc.",New York,Buyout,6/25/2018,3100.0007,Power,2550.006800981836,358.0071475526417,293.8292934765996
73530,AE Industrial Partners,The Atlas Group,Arizona,Buyout,10/9/2018,150.00131,Aerospace,862.410748760469,14.0061025331885,370
72677,AE Industrial Partners,Gryphon Technologies LC,DC,Buyout,9/13/2018,12.322794,Defence,862.4103086377056,14.00252431781668,47.85362281520226
73058,AEA Investors,Numotion,Tennessee,Buyout,9/21/2018,6700.0088,Medical Instruments,1800.007623939677,14.00690589576665,450
66107,AEA Investors,"Spectrum Plastics Group, Inc.",Georgia,Buyout,1/31/2018,1198.9733,Manufacturing,105.0080116352159,47.0011743196466,720
72790,AEA Investors,ROI Call Center Solutions,Utah,Buyout,8/31/2018,480.18381,Outsourcing,862.4160942918591,14.00512073246468,81.90662937401675
68059,AEA Investors,"Springs Window Fashions, LLC",Wisconsin,Buyout,4/23/2018,500.00314,Consumer Products,862.4109129570045,14.00812868551988,15045.70657133506
74467,Agamya Capital,"World Inspection Network International, Inc.",Tennessee,Buyout,11/13/2018,6700.0063,Business Services,1800.01014213487,14.00317316909026,25.20270301829968
74521,Akoya Capital Partners,Evolver Inc.,Virginia,Buyout,10/2/2018,3633.2349,IT,20.00080499886016,14.00377602792982,4.595734117839307
74523,Akoya Capital Partners,"eVigilant, Inc.",Virginia,Buyout,10/2/2018,3633.229,IT Security,20.00078686437982,14.00810842832256,4.586669828782029
74123,Aliph Brands LLC,"Kiss My Face, LLC",New York,Buyout,10/30/2018,3099.9988,Consumer Products,2550.000726283776,358.0035971083777,28.17138771744716
73224,Alleghany Corporation,Concord Hospitality Enterprises Company,North Carolina,Buyout,10/1/2018,46899.992,Leisure,862.4143474101058,14.00145800015129,4.586977532420129
74769,Almada,Environmental 360 Solutions Inc.,Ontario,Buyout,11/21/2018,12.327948,Clean Technology,862.4122641863271,14.0095091793843,12.79953562226607
65679,Alpine Investors,"EcoInteractive, Inc.",California,Buyout,1/15/2018,3996.5542,Software,301.1476889425495,14.00046250007985,754.9553506712031
74808,Alpine Investors,"e-Courier, Inc.",Colorado,Buyout,11/20/2018,4.2530932,Software,862.4129332251816,14.0096108490758,80.00688327755299
67542,Alpine Pacific Capital,Fresh Innovations LLC,California,Buyout,4/4/2018,3996.5579,Food,301.1505323630946,14.00524162977639,754.9558863511842
69570,Alpine Pacific Capital,Farmington Fresh LLC,California,Buyout,6/7/2018,3996.5605,Food,301.1539996830935,14.00354262801524,754.9524596685145
74541,Altacrest Capital,Barton Watch Bands,Texas,Buyout,11/13/2018,205.0097,Consumer Products,2200.005249570082,14.0011910686659,325.0066066013202
72356,Altamont Capital Partners,"The Bayou Companies, LLC",Louisiana,Buyout,9/4/2018,12.327633,Oil & Gas,862.4128052770595,14.00306223855991,62.00340087062787
66833,Altamont Capital Partners,PF Eastern NC,North Carolina,Buyout,3/5/2018,46899.992,Leisure,862.4114781532173,14.00673103669364,4.587282141840839
74028,Altas Partners,Tecta America Corp.,Illinois,Buyout,10/29/2018,1440.5054,Construction,746.8515926677517,14.00991274846423,51.93766060328822
68106,Altas Partners,University of St Augustine for Health Sciences Inc,Florida,Buyout,4/25/2018,400,Education / Training,89.59999999999999,34.6,6.002574389149229
74697,Altus Capital Partners,ChoiceSpine LP,Tennessee,Buyout,11/20/2018,6700.0024,Medical Instruments,1800.00438338648,14.00182942032519,29
82754,American Industrial Partners,"Ahf, Llc",Illinois,Buyout,6/1/2018,2384.6985,Industrial,746.8478785961649,14.00731923954267,111.7042458623101
82755,American Industrial Partners,Ahfp,Pennsylvania,Buyout,6/1/2018,1638.2908,Consumer Products,783.0077259736516,14.00972725322175,29.00074800622582
68262,American Industrial Partners,L-3 Communications Vertex Aerospace LLC,Mississippi,Buyout,5/1/2018,540,Aerospace,104.0014104171828,14.00201119144153,4.59061842626688
81364,American Industrial Partners,AHF Products,Pennsylvania,Buyout,6/1/2018,1638.2911,Manufacturing,783.0023262731646,14.00653792788911,29.00944458350472
72510,American Industrial Partners,CQMS Razer Pty. Ltd.,New South Wales,Buyout,7/5/2018,111.3,Mining,50.00054870419542,14.00705561099279,4.592884664710433
74260,American Industrial Partners,"Current, powered by GE",Massachusetts,Buyout,11/6/2018,435.68445,Clean Technology,862.4169297133542,14.00696932675022,39.13199859562742
75779,American Securities,"FleetPride, Inc.",Texas,Buyout,12/19/2018,205.00807,Transportation,2200.005376697477,14.0089244680636,325.0083568907827
67489,American Securities,Prince Minerals LLC,Texas,Buyout,3/29/2018,205.00613,Chemicals,2200.002538301242,14.00921240040738,325.0081325659081
74611,American Securities,"CPM Holdings, Inc.",Iowa,Buyout,11/16/2018,12.322563,Industrial,862.4189500695995,14.00386471731294,4.587605778065332
77990,"Ames Watson Capital, LLC",LIDS Sports Group,Indiana,Buyout,12/14/2018,101,Retail,862.4174404203861,14.00856702459681,4.593138700637788
74661,Ampersand Capital Partners,"Pacific Biomarkers, Inc.",Washington,Buyout,11/19/2018,500.00049,Life Sciences,862.4191277855045,14.00047992227304,856.0077590406249
72346,Ampersand Capital Partners,NEOMED-LABS Inc.,Quebec,Buyout,9/4/2018,1000.0012,Biotechnology,862.4193556847952,14.00326002889018,4.099906233197008
68358,Amulet Capital Partners,CC Amulet Management LLC,California,Buyout,5/2/2018,119.30994,Healthcare,301.1473090075261,14.00169115047142,754.9551461834993
72369,Anacacia Capital,Force Fire Pty Limited,New South Wales,Buyout,1/15/2018,67.233383,Business Services,50,14.00645642226267,4.586979565846556
82891,Anchorage Capital Partners,South Pacific Laundry Group Pty Ltd,Victoria,Buyout,9/27/2018,199.07001,Business Services,862.4148184698045,14.00767578661147,4.592089374836356
72536,Ancor Capital Partners,STATinMED Research,Michigan,Buyout,9/7/2018,12.326457,Business Services,862.4173005701944,14.00028179518235,11.7
73081,Angeles Equity Partners,American Construction Source,Missouri,Buyout,9/26/2018,395.00037,Construction,330.0054363310383,14.00037089961519,87.17707011179172
81424,Anzu Partners,Edge Embossing,Massachusetts,Buyout,1/1/2018,7.8658743,Healthcare,862.4136821938648,14.00084499915069,39.12469737984652
66677,AOS Energy Partners,GenOn's Hunterstown Power Generation Facility,Pennsylvania,Buyout,2/27/2018,520,Energy,783.0053805606821,14.00112428247634,29.00768841367147
67241,Apax Partners,"Vyaire Medical, Inc.",Illinois,Buyout,3/19/2018,435,Medical Devices,800,14.00725192075301,111.7001141113351
72993,Apax Partners,"Authority Brands, LLC",Maryland,Buyout,9/24/2018,431.34503,Business Services,4023.324504547046,14.00554302299101,13.90913994698546
73837,Aperion Management,"LJP Enterprises, Inc.",Minnesota,Buyout,10/22/2018,2474.0601,Clean Technology,154.1969244964462,14.00736123334322,252.5022648387352
65367,Apollo Global Management,OneMain Financial Inc. ,Maryland,Buyout,1/3/2018,1428.37,Financial Services,3756,14.00590186437297,13.9033990343543
79014,Apollo Global Management,Northwoods Energy,Colorado,Buyout,6/1/2018,4.2503338,Energy,862.419056817793,14.00507773190442,80.00835708295446
66418,Apollo Global Management,Tidewater Logistics Corp.,Texas,Buyout,2/15/2018,205.00804,Logistics,2200.004342889372,14.00355656339492,325.0012498736866
69324,Aquiline Capital Partners,"Aspirion Health Resources, LLC",Georgia,Buyout,5/31/2018,1198.9705,Financial Services,105.0067087382171,47.00131566356337,40.32088957217996
69069,Aquiline Capital Partners,RIA in a Box LLC,New York,Buyout,5/23/2018,3100.0085,Software,2550.004536959008,358.0098565967853,28.16705475142147
78282,Aquiline Capital Partners,"Fullsteam Operations, LLC",Alabama,Buyout,5/29/2018,12.326327,Financial Services,862.4178924317441,14.00731922417584,4.587419997372487
73186,Ara Partners,"Centric Gas Services, LLC",Texas,Buyout,10/1/2018,205.0058,Oil & Gas,2200.004905726719,14.00916804616976,325.0044171276055
69570,Arable Capital Partners,Farmington Fresh LLC,California,Buyout,6/7/2018,3996.5574,Food,301.1559926058354,14.00029853221317,754.94901140128
70583,Arable Capital Partners,Lodi Pump & Irrigation,California,Buyout,7/9/2018,3996.5557,Agriculture,301.152629412357,14.00914226622957,754.9527028428923
79042,Arable Capital Partners,Universal Irrigation Company,California,Buyout,8/30/2018,3996.5613,Agriculture,301.150509891445,14.00033466738354,754.9483543302407
83916,Arable Capital Partners,"Hydratec Holdings, LLC",California,Buyout,4/23/2018,3996.5525,Agriculture,301.1491991813483,14.00922978074927,754.9493260290541
67542,Arable Capital Partners,Fresh Innovations LLC,California,Buyout,4/4/2018,3996.5601,Food,301.1496973215791,14.00493286840323,754.9504954230573
72675,Arbor Private Investment Company,"Red Collar Pet Foods, Inc.",Tennessee,Buyout,9/13/2018,6700.0103,Food,1800.003094492848,14.00123458704151,25.20015896407657
65480,Arcapita,MC Group,Ohio,Buyout,1/8/2018,100,Semiconductors,93.00794259709662,12.80091670147332,52.70958290101728
68574,ArcLight Capital Partners,"Midcoast Operating, L.P.",Texas,Buyout,5/9/2018,1120,Oil & Gas,2200.004111814504,14.0085945535608,325.0087071565464
81390,Ares Capital,APR Operating LLC,Texas,Buyout,4/23/2018,205.00903,Oil & Gas,2200.003469329752,14.00230073916431,325.0018298330502
66154,Ares Management,Convergint Technologies LLC,Illinois,Buyout,2/2/2018,1440.505,Technology,746.8480019917495,14.00736589321572,111.7073223467369
69051,Aretex Capital Partners,"Alerian Capital Management, LLC",Texas,Buyout,5/23/2018,205.00569,Financial Services,2200.002493252936,14.00973031913567,325
73983,Argonaut Private Equity,"Nichols Oil Tools, LLC",Texas,Buyout,10/3/2018,205.00011,Industrial,2200.006787474226,14.00290185759481,325.0075588432625
73912,Argosy Private Equity,"Anderson Cargo Services, Inc.",Minnesota,Buyout,10/24/2018,2474.0657,Shipping,154.1941468282644,14.00663548579145,252.5077361136904
73037,Argosy Private Equity,Capewell Aerial Systems LLC,Virginia,Buyout,9/13/2018,3633.2317,Manufacturing,20.00381204329378,14.00492492794696,4.591847280792714
78977,Argosy Private Equity,ECS Environmental Solutions,Texas,Buyout,9/17/2018,205.00381,Environmental Services,2200.004820221528,14.00954802578021,325.0069109617285
81365,Arkéa Capital Investissement,Drt,Ohio,Buyout,6/1/2018,98.501366,Industrial,93.00707854069194,12.80651016950098,52.70954971147469
72117,Arlington Capital Partners,Tyto Athene,Virginia,Buyout,8/27/2018,75,Communications,20.00482466124876,14.00216033134315,4.595549077082247
69511,Arsenal Capital Partners,"Epoxy Technology, Inc.",Massachusetts,Buyout,6/6/2018,263.18134,Chemicals,862.4179391841374,14.00570184701759,4.542157548651796
69469,Arsenal Capital Partners,Meridian Adhesives Group LLC,New York,Buyout,6/5/2018,3100.0063,Chemicals,2550.002373623327,358.0003030831937,3.264786493137379
67896,Arsenal Capital Partners,Fralock Innovative Materials Manufacturing & Automation,California,Buyout,4/17/2018,3996.5525,Manufacturing,301.15705510892,14.00553672026548,87.5
69468,Arsenal Capital Partners,Adhesives Technology Corporation,Florida,Buyout,6/5/2018,400.00455,Chemicals,89.60511113696676,34.60956863792745,.699217257776375
74027,Artemis Capital Partners,Superior Technical Ceramics Corp.,Vermont,Buyout,10/26/2018,12.325573,Clean Technology,862.4128002691052,14.00922991858501,4.587478202588678
66863,Asgard Partners,"Wild Things, LLC",Rhode Island,Buyout,3/5/2018,12.322573,Manufacturing,862.4143654721759,14.00364560388665,4.591303313903333
67197,Assurance Mezzanine,Old Mill Brick Incorporated,Utah,Buyout,3/15/2018,480.18771,Materials,862.4193338471434,14.00499323906082,4.591619198962868
81385,Assurance Mezzanine,Apogee Healthcare Holdings LLC,Texas,Buyout,5/1/2018,205.00183,Business Services,2200.00239580982,14.00467146571431,325.0008524887631
74801,Atar Capital,Microcel Corporation,Ontario,Buyout,11/19/2018,89.514801,Distribution,2437.954620573666,14.00226971913766,12.80875441213599
73820,Atar Capital,"Pathways Health and Community Support, LLC",Virginia,Buyout,10/22/2018,108.46432,Healthcare,20.00862070226057,14.00316284188706,4.594661740872831
66669,ATB Capital,Foothills Creamery Ltd,Alberta,Buyout,2/26/2018,27.6,Food,862.4120334811944,14.00861055833924,4.590864545952351
75851,Aterian Investment Partners,"Xpress Global Systems, Inc.",Tennessee,Buyout,12/21/2018,6700.0083,Logistics,1800.001072705974,14.00138120212763,2.354986196470984
68413,Aterian Investment Partners,Vander-Bend Manufacturing LLC,California,Buyout,5/1/2018,3996.5569,Manufacturing,301.1517813127676,14.00016208609271,70.34714966343516
71441,Aterian Investment Partners,"Pioneer Metal Finishing, LLC",Wisconsin,Buyout,8/2/2018,500.00906,Materials,862.4106477640073,14.00459296034354,78.5
71318,ATL Partners,"Rock-It Cargo Holdings, Inc.",Pennsylvania,Buyout,7/31/2018,989.62921,Shipping,783.0052455091298,14.000739413597,29.00251393515549
72402,Atlantic Street Capital,OrthoBethesda,Maryland,Buyout,9/5/2018,42.644382,Healthcare,3756.005853473192,14.00962304381359,13.9
70630,Audax Group,MNX Global Logistics,California,Buyout,7/10/2018,3996.5544,Logistics,301.1530778241532,14.00238500686068,754.9505002810687
70488,Audax Group,"Van Pool Transportation, LLC",Massachusetts,Buyout,7/5/2018,263.1799,Transportation,862.4139955829799,14.00951133353341,39.12836722036305
70229,Audax Group,Revolution Dancewear LLC,Illinois,Buyout,6/27/2018,1440.5021,Manufacturing,746.8484287039626,14.00986915139187,111.7078227952507
72997,Audax Group,Acuant Inc.,California,Buyout,9/24/2018,3996.5591,Software,301.1482617160028,14.00503352062482,754.9544590290237
74662,Audax Group,"PlayMonster, LLC",Wisconsin,Buyout,11/19/2018,802.36768,Retail,862.4174112113162,14.00988483300138,842.564381319403
75148,Audax Group,"Phoenix Rehabilitation and Health Services, Inc.",Pennsylvania,Buyout,12/4/2018,29.543417,Healthcare,783.0076317936563,14.00675682734403,29.00622772036053
74531,Audax Group,Colony Hardware Corp.,Connecticut,Buyout,11/14/2018,1102.4957,Retail,862.4139745006307,14.00975123291541,4.591678276479066
70817,Aurora Capital Partners,Inhance Technologies LLC,Texas,Buyout,7/16/2018,205.00813,Materials,2200.004140323918,14.00244184594307,132.5
71590,Auxo Investment Partners,Midway Rotary Die Solutions,Michigan,Buyout,8/7/2018,12.322646,Industrial,862.4132829668436,14.00930941069204,11.70399615049938
73655,Auxo Investment Partners,"Prestige Stamping, Inc.",Michigan,Buyout,10/15/2018,12.325624,Manufacturing,862.4154199160605,14.00793003814,11.70222833098488
80262,Avego Healthcare Capital,Meridien Research Group,Florida,Buyout,4/16/2018,400.00009,Medical Technologies,89.60424830059465,34.60601210793612,6.005946471868809
72175,Avem Partners,"Future Tech Metals, Inc.",California,Buyout,8/17/2018,3996.5601,Manufacturing,301.1484040697061,14.0076546218403,754.957965497167
68357,Avista Capital Partners,"Kramer Laboratories, Inc.",Florida,Buyout,5/2/2018,70.003113,Pharmaceuticals,89.6055064037716,34.60337843316739,6.001345278858933
82394,Bain Capital,Penn Foster,Pennsylvania,Buyout,5/1/2018,7520.6313,Education / Training,783.0093656727494,14.00281008716378,113.1024052651586
67521,Bain Capital,World Wide Packaging LLC,New Jersey,Buyout,4/3/2018,2062.5073,Manufacturing,862.4134362592797,14.00083588592646,133.5
73493,Bain Capital,Arosa LLC,North Carolina,Buyout,10/9/2018,10639.283,Healthcare,862.4116262139489,14.00931171292144,17.88619185618849
73402,Bain Capital,"Rocket Software, Inc.",Massachusetts,Buyout,10/8/2018,2000,Software,862.4195333699665,14.00602362408939,152.57981257138
73853,Bain Capital,"Cerevel Therapeutics, LLC",Massachusetts,Buyout,10/23/2018,350,Pharmaceuticals,862.4162991111136,14.00202808516737,152.5753175641613
69940,Bain Capital,"Varsity Brands, Inc.",Texas,Buyout,6/19/2018,2500,Retail,2200.005873704753,14.00793841818053,1267.437550921735
73492,Bain Capital,"LivHOME, Inc.",California,Buyout,10/9/2018,906.62109,Healthcare,301.1508302335816,14.00869676341939,2944.132110592022
66200,Baird Capital Partners,"ReMed Recovery Care Centers, LLC",Pennsylvania,Buyout,2/5/2018,29.5431,Healthcare,783.0072720256084,14.00813116097528,29.00160464441336
74617,Balmoral Funds,"VESTA Modular, LLC",Michigan,Buyout,11/16/2018,12.324762,Construction,862.4174307732812,14.0083175325923,5.447286392414521
79018,Baring Private Equity Asia,Prometric,Maryland,Buyout,1/29/2018,827.5,Business Services,3756.004252884521,14.00707860395018,13.90380115662462
70168,"Bartlett Holdings, Inc.","D&D Power, Inc.",New York,Buyout,6/25/2018,3100.0042,Power,2550.002614868471,358.0035635614401,28.1740162552734
73860,Battery Ventures,"SigmaTEK Systems, LLC",Ohio,Buyout,10/23/2018,29.400238,Software,93.00831805979257,12.80503341366959,52.7001513456594
66949,Battery Ventures,"Plixer, LLC",Maine,Buyout,3/8/2018,3.6817641,Software,862.417520043344,14.00846764316488,4.589655550483436
66958,Battery Ventures,"Environmental Data Resources, Inc.",Connecticut,Buyout,3/13/2018,205,Information Services,862.4130953931219,14.00413382669616,4.590497362248422
74216,Battery Ventures,"Audio Precision, Inc.",Oregon,Buyout,11/5/2018,3.6824422,Electronics,862.4150499681912,14.0069442653254,668.026532032562
73118,BBRC Worldwide,Universal Store Pty Ltd.,Queensland,Buyout,9/25/2018,72.389999,Retail,862.4158506783626,14.00356612714644,4.586865046872114
66288,BC Partners,Zest Anchors LLC,California,Buyout,2/8/2018,119.30573,Healthcare,301.1475870806272,14.00493062019054,754.9505062913589
74612,BDC Capital Inc.,Ansan Traffic Group Ltd.,British Columbia,Buyout,11/16/2018,10.503002,Construction,862.4121959322567,14.00095616670264,243.4881024159975
66537,Behrman Capital,"Corfin Industries, LLC",New Hampshire,Buyout,2/20/2018,12.321251,Semiconductors,862.4135060828614,14.00440427252728,8.002320764430396
73193,Behrman Capital,kSARIA Corp.,Massachusetts,Buyout,10/1/2018,263.17993,Manufacturing,862.4135261454123,14.00654849327806,39.12574392122629
72713,BelHealth Investment Partners,"Gemini Bio-Products, Inc.",California,Buyout,9/14/2018,3996.5537,Biotechnology,301.1538471953201,14.00483582691926,674.0611801342033
70823,BelHealth Investment Partners,"NavaDerm Partners, LLC",New York,Buyout,7/16/2018,92.546616,Healthcare,2550.002011900666,358.0065342492523,28.16730736454987
70265,BelHealth Investment Partners,Beach House Center for Recovery,Florida,Buyout,6/28/2018,11.940625,Healthcare,89.60456239052992,34.6062529614581,6.008445543284322
67911,Benford Capital Partners,"Specialty Sales, LLC",California,Buyout,4/17/2018,3996.5557,Clean Technology,301.1506057634207,14.00880419334102,754.9529508000772
75220,Berenson & Company,"The Athene Group, LLC",Virginia,Buyout,12/6/2018,3633.2305,IT,20.00549359253554,14.00509064189795,4.590884351458222
77162,Berkshire Partners,"Asurion, LLC",Tennessee,Buyout,8/17/2018,6700.0103,Consumer Services,1800.002302428376,14.00596916034523,25.20837681703214
66753,Bernhard Capital Partners Management,"W.A. Chester, L.L.C.",Maryland,Buyout,2/28/2018,1428.3793,Power,3756.001490758483,14.00789398664314,13.90326089174247
71087,Bertram Capital,"BearCom Group, Inc.",Texas,Buyout,7/6/2018,205.00314,Wireless,2200.002054105355,14.00402568291578,325.0044732695929
69477,Bertram Capital,"Registrar Corp, LLC",Virginia,Buyout,6/5/2018,3633.2366,Business Services,20.00812697370483,14.00354470137212,4.5942245324215
70421,Berwind Private Equity,"Maxcess International, Inc.",Oklahoma,Buyout,7/2/2018,166.00761,Industrial,862.4122569853409,14.0020762697019,390.3179330137998
82739,Beverly Capital,Advanced Micro Instruments,California,Buyout,5/18/2018,3996.5569,Electronics,301.1525952477197,14.0022684802458,994.678929857206
65760,BHMS Investments,Advanced Service Solutions Inc,New Jersey,Buyout,1/2/2018,271.40854,Environmental Services,862.4137476080998,14.00516617029611,34.23519456078834
66035,BioHitech America,"Gold Medal Services, LLC.",New Jersey,Buyout,1/30/2018,271.40836,Environmental Services,862.4107552340922,14.00144111585509,34.23668933864287
66767,BlackRock,Cofense,Virginia,Buyout,2/26/2018,3633.2292,Software,20.00618353352829,14.00488943431232,4.594182699274094
67812,Blackstone Group,"Center For Autism and Related Disorders, LLC",California,Buyout,4/13/2018,119.30163,Healthcare,301.1548686973939,14.00793666822541,754.9547944052678
69972,Blackstone Group,"Audio Visual Services Group, LLC",Illinois,Buyout,6/19/2018,1440.5037,Entertainment,746.8489559496536,14.00683996604461,111.7000754355459
71354,Blackstreet Capital,"Mom365, Inc.",Missouri,Buyout,8/1/2018,395.00006,Consumer Services,330.0018462920607,14.00052929785274,187.509054143743
66194,Blue Ox Healthcare Partners,"RX Solutions, LLC",Florida,Buyout,2/6/2018,400.0065,Software,89.60569577005636,34.60818669585643,6.001988057792913
70360,Blue Wolf Capital Partners,"Mustang Energy Services, Inc.",Texas,Buyout,7/2/2018,205.00151,Oil & Gas,2200.002640495268,14.00332437745932,325.0080885916501
67532,Blue Wolf Capital Partners,"The State Group, Inc.",Ontario,Buyout,4/4/2018,12.323868,Outsourcing,862.4167084865242,14.00760194437284,12.80858894032887
66310,Blue Wolf Capital Partners,Petrosmith LLC,Texas,Buyout,2/12/2018,205.00377,Manufacturing,2200.000423404972,14.00914144666571,325.0093825004548
67669,Blue Wolf Capital Partners,"Jordan Health Services, Inc.",Texas,Buyout,4/10/2018,6.1238408,Healthcare,2200.007492262363,14.00490963749293,325.0018608273491
83595,Bootstrap Capital,"Verilogic Solutions, Llc",Illinois,Buyout,1/2/2018,1440.5062,Industrial,746.8460017847844,14.00438949290368,111.7013743619819
81362,Borgman Capital,Lmi Manufacturing,Alabama,Buyout,6/14/2018,12.32559,Manufacturing,862.4195445160351,14.00023247737376,4.587419585844324
69774,Borgman Capital,Derco Manufacturing Inc.,Wisconsin,Buyout,6/14/2018,500.00726,Industrial,862.4111290923522,14.00324122106362,842.5654411491261
69776,Borgman Capital,Solution Dynamics Inc.,Wisconsin,Buyout,6/14/2018,500.00107,Industrial,862.4119154591083,14.00483860691715,842.56625433902
69775,Borgman Capital,"Lift Products, Inc.",Wisconsin,Buyout,6/14/2018,500.00803,Industrial,862.417881971129,14.00807763786692,842.5597128639484
72352,Bounds Equity Partners,"EastPoint Sports, Ltd.",New Jersey,Buyout,9/4/2018,435.53177,Retail,862.4186790873266,14.00935021286536,34.23891119677177
70641,Boyne Capital Partners,"ASAP Industries Manufacturing, LLC",Louisiana,Buyout,7/10/2018,12.320252,Manufacturing,862.4197298324636,14.00897005816627,62.00056025202494
72192,Boyne Capital Partners,"AC Business Media, Inc.",Wisconsin,Buyout,8/30/2018,500.00919,Media,862.4101408951885,14.00228829576339,842.5633515564979
75668,Boyne Capital Partners,Infusion Associates Management Inc.,Michigan,Buyout,12/17/2018,.3756004,Healthcare,862.4110817169042,14.00308985553387,11.70378356191905
69437,Branford Castle,"Drew Foam Companies, Inc.",Arkansas,Buyout,6/4/2018,12.324022,Manufacturing,862.41900803046,14.00618750612888,41.00058755029475
65522,Branford Castle,Vitrek Corporation,California,Buyout,1/9/2018,3996.5532,Electronics,301.1558760293948,14.00809447711039,994.6760379101563
70574,Branford Castle,Titan Production Equipment,Texas,Buyout,6/29/2018,205.00018,Industrial,2200.001728546648,14.00686738092158,325.0080038412958
71447,Brentwood Associates,"MD Now Medical Centers, Inc.",Florida,Buyout,8/2/2018,11.943837,Healthcare,89.60578554210197,34.60368422874382,6.004787797621246
66315,Bridgepoint,"Safety Technology Holdings, Inc.",Michigan,Buyout,2/12/2018,12.325618,Electronics,862.4191219675324,14.00080723896794,15.41920889546446
67197,Bridger Capital,Old Mill Brick Incorporated,Utah,Buyout,3/15/2018,480.18616,Materials,862.4100974041123,14.00331982352476,4.591254731926889
69726,Brightstar Capital Partners,"QualTek USA, LLC",Pennsylvania,Buyout,6/13/2018,989.62836,Telecoms,783.0036072903694,14.00229811353314,29.00688135886497
68059,British Columbia Investment Management Corporation,"Springs Window Fashions, LLC",Wisconsin,Buyout,4/23/2018,500.00183,Consumer Products,862.4159793647907,14.00398375384215,842.5597369611052
73528,Brook Venture Partners,"itrac, LLC",Oregon,Buyout,9/21/2018,12.322615,Software,862.4140894588984,14.00623143195811,507.0290017341662
79000,Brook Venture Partners,Learnwell,Massachusetts,Buyout,1/22/2018,263.18552,Education / Training,862.4161140778072,14.00825714377392,39.13300771716463
67970,Brookside Mezzanine Partners,"Mudlick Mail, LLC",Georgia,Buyout,2/14/2018,1198.973,Marketing,105.0027189634833,47.00581458454887,40.32561219667326
81407,Brownstone Equity Partners,Ps Logistics,Alabama,Buyout,2/21/2018,12.327449,Logistics,862.4130944548144,14.0028542476863,4.587701787178227
70599,Brynwood Partners,Hometown Food Company,Illinois,Buyout,7/9/2018,375,Food,370,14.00486010789577,111.7080297863495
74612,CAI Capital Partners,Ansan Traffic Group Ltd.,British Columbia,Buyout,11/16/2018,10.509246,Construction,862.4186021051339,14.00904239399064,243.4888627687021
74089,Calera Capital,"ImageFIRST Healthcare Laundry Specialists, Inc.",Pennsylvania,Buyout,10/30/2018,989.62439,Business Services,783.0058477912479,14.00090872495606,138
81318,Calvert Street Capital Partners,"Zebra Environmental & Industrial Services,",North Carolina,Buyout,12/12/2018,46899.988,Clean Technology,862.4139012069411,14.0005435408017,4.594065223175854
70601,Cannae Holdings,Lifeworks Limited,Georgia,Buyout,4/1/2018,1198.9734,Software,105,47.00419716734374,40.32780489742066
83365,Cannon Capital,Parry'S Pizzeria,Colorado,Buyout,8/31/2018,4.2524753,Restaurants,862.4173880525834,14.00149822746575,80.00481807160642
71224,Capital Alignment Partners,"Urgent Care Group, LLC",Tennessee,Buyout,7/25/2018,200.00302,Healthcare,1800.009073429177,14.00141541891902,25.20038133609868
79036,Capital For Business,"Talk-A-Phone, LLC",Illinois,Buyout,1/4/2018,1440.504,Manufacturing,746.8511321967251,14.00394415260929,111.7036976658192
72785,Capital For Business,"Driv-Lok, Inc.",Illinois,Buyout,7/27/2018,1440.5051,Manufacturing,746.851251114045,14.00367864069234,111.706143270937
72631,Capital Recovery Group,Bellisio Foods’ assets,Minnesota,Buyout,9/11/2018,2474.0674,Food,154.1897214057431,14.00565050786066,252.5022223084928
72402,Capital Southwest Corporation,OrthoBethesda,Maryland,Buyout,9/5/2018,42.641415,Healthcare,3756.005870318955,14.00809798447121,13.9
72536,Capital Southwest Corporation,STATinMED Research,Michigan,Buyout,9/7/2018,12.3213,Business Services,862.418344657772,14.00341053480919,11.7
73034,CapitalWorks,"C&M Conveyor, Inc.",Indiana,Buyout,6/4/2018,62.946182,Industrial,862.4154690344787,14.00020360545717,4.587149382215281
73036,CapitalWorks,Ohio Blow Pipe Company,Ohio,Buyout,9/21/2018,98.501434,Industrial,93.00665365736356,12.80029729096525,52.70485125893494
65716,Capstone Partners,Headwaters MB LLC,Colorado,Buyout,1/8/2018,4.2506509,Financial Services,862.4148000263579,14.00676872079897,80.0058438014191
70253,CapStreet Group,APG Company,Texas,Buyout,3/13/2018,205.00572,Industrial,2200.002257742878,14.00686203047339,325.0057858942561
69725,Cardinal Health,"naviHealth, Inc.",Tennessee,Buyout,6/13/2018,6700.0098,Healthcare IT,1800.008561185929,14.00399033503312,25.20191403219886
66738,Carlyle Group,"Corporate Finance Group, Inc.",Massachusetts,Buyout,3/1/2018,263.18552,Financial Services,862.4198315412707,14.00351184244904,39.12550043834786
72538,Carlyle Group,"Ambio Holdings, Inc.",South Carolina,Buyout,9/10/2018,227.50142,Pharmaceuticals,556.0075330752015,14.00614321103025,13.74749317696634
75738,Carlyle Group,Odyssey Behavioral Healthcare LLC,Tennessee,Buyout,11/15/2018,200,Healthcare,1800.001411506924,14.00416839273352,25.20462868651319
72613,Carlyle Group,"Sedgwick Claims Management Services, Inc.",Tennessee,Buyout,9/12/2018,6700,Insurance,1800,14.00081591895254,25.20327355605494
79026,Carnelian Energy Capital,"Sandpoint Resources, LLC",Texas,Buyout,10/16/2018,205.00737,Oil & Gas,2200.006421633023,14.0065685493097,325.0057299073338
71660,Carrick Capital Partners,Discovery Health Partners,Illinois,Buyout,8/9/2018,1440.5062,Software,746.8457951948528,14.00540794117082,111.7014702190564
70169,Caruth Capital Partners,Premier Outdoor Media,New Jersey,Buyout,6/26/2018,271.40878,Advertising,862.4194172061018,14.00633446557153,34.23353957001422
73118,Catalyst Direct Capital Management,Universal Store Pty Ltd.,Queensland,Buyout,9/25/2018,72.389999,Retail,862.4142043137892,14.00394549557645,4.59309566934389
66786,Cayuse LLC,Process Pathways Inc.,Alberta,Buyout,3/1/2018,12.324987,Software,862.4130452425654,14.00991046672392,4.591764603096814
70883,Celerity Partners,"Total Care RX, Inc.",New York,Buyout,7/6/2018,542.50348,Pharmaceuticals,2550.002843678129,358.0069675168122,20.6
72788,Center Rock Capital Partners,American Piping Products Inc.,Missouri,Buyout,9/17/2018,395.00421,Manufacturing,330.0097125908405,14.00853872915435,187.5033483708439
71592,Centerbridge Capital Partners,"Seitel Holdings, Inc.",Texas,Buyout,7/17/2018,205.00981,Oil & Gas,2200.00241816226,14.00299830652479,325.0003893671925
72501,Centerfield Capital Partners,Pure Wafer,California,Buyout,8/29/2018,3996.5603,Semiconductors,301.1509781362212,14.00892337655354,754.948907007761
71880,Centerfield Capital Partners,"Indigo Wild, L.L.C.",Missouri,Buyout,8/10/2018,395.0069,Consumer Products,330.0096959434495,14.00187934526879,187.5051140727637
75056,CenterGate Capital,Owen Equipment Company,Oregon,Buyout,11/30/2018,89.511688,Distribution,2437.954633924175,14.00422037636567,16.2
66710,CenterOak Partners,TechnaGlass Inc,Utah,Buyout,3/1/2018,480.18842,Transportation,862.4176557761587,14.00900638999123,4.587593281695441
66709,CenterOak Partners,"The J. N. Phillips Company, Inc.",Massachusetts,Buyout,3/1/2018,263.18295,Transportation,862.413533072124,14.00968823639381,39.12553865191008
65405,Centre Lane Partners,Alternative Biomedical Solutions LLC,Texas,Buyout,1/3/2018,205.00284,Biotechnology,2200.00133740665,14.00168474856004,13
65455,Centre Lane Partners,Infobase Publishing Inc.,New York,Buyout,1/8/2018,3100.0063,Publishing,2550.003209276256,358.0016585478658,1.266158387236954
71322,Century Park Capital Partners,Dominion Youth Services,Virginia,Buyout,7/31/2018,108.45575,Healthcare,20.00646594173222,14.00263299594339,4.59547708957252
66697,Cerberus Capital Management,Bluestone Holdings (Australia) Pty Ltd,New South Wales,Buyout,2/26/2018,80.510002,Financial Services,50.0065958128135,14.00491673975888,4.595241307567627
66243,Cerberus Capital Management,"Cyanco International, LLC",Texas,Buyout,2/7/2018,245.49556,Chemicals,2200.006786606233,14.00062877107815,325.0045511467866
68182,Cerberus Capital Management,"Electrical Components International, Inc.",Missouri,Buyout,4/26/2018,473.01294,Manufacturing,330.0047843670518,14.00788832140792,187.5034629512274
72964,Cerberus Capital Management,"SubCom, LLC",New Jersey,Buyout,9/17/2018,325,Communications,862.4163046203523,14.00689378019128,34.23965350975818
65410,Cerberus Capital Management,Isola Group,Arizona,Buyout,1/5/2018,179.62851,Semiconductors,862.417455782552,14.00950354488272,35.47544948009567
75436,CHAMP Private Equity,Cell Care Australia Pty Limited,Victoria,Buyout,10/9/2018,70.5,Biotechnology,862.4115272260008,14.00798370467204,4.096491369476472
72513,CHAMP Private Equity,Fine Food Holdings Pty Ltd,Victoria,Buyout,7/23/2018,70.501701,Food,862.4168750456504,14.00293676496189,4.595240835387082
72514,CHAMP Private Equity,Maxfoods Pty Ltd,Victoria,Buyout,7/23/2018,70.507034,Food,862.4120724947627,14.00123185046654,4.588024834690438
83406,Champlain Capital Partners,Pui Audio,Ohio,Buyout,10/17/2018,98.505882,Electronics,93.00448906625977,12.80570987283674,69.44314415981827
66137,Charlesbank Capital Partners,"Galls, LLC",Kentucky,Buyout,2/2/2018,2920.0852,Retail,2822.543675378064,136.0072654111193,53.18233534576679
67828,Charlesbank Capital Partners,Hearthside Food Solutions LLC,Illinois,Buyout,4/17/2018,2400,Food,1240,14.00099080776967,1295
74162,Chicago Pacific Founders,SAGE Centers for Veterinary Specialty and Emergency Care,California,Buyout,11/1/2018,119.30816,Healthcare,301.1528422195653,14.00988018383909,754.948167633694
75182,ChrysCapital,"GeBBS Healthcare Solutions, Inc.",California,Buyout,12/4/2018,140,Outsourcing,63,14,754.9493572713176
65358,CI Capital Partners,"Redwood Logistics, LLC",Illinois,Buyout,1/2/2018,1440.5076,Logistics,746.8473787194832,14.00551857111681,111.7003012447013
69239,Cincinnati Eye Institute,"CEI Vision Partners, LLC",Ohio,Buyout,5/29/2018,2.9417655,Healthcare,93.00972964306717,12.80719878848133,52.70598105193815
72536,Cion Investments,STATinMED Research,Michigan,Buyout,9/7/2018,12.320972,Business Services,862.4199189011908,14.00904513021636,11.7
72461,CIP Capital,"Carnegie Learning, Inc.",Pennsylvania,Buyout,9/6/2018,989.62738,Publishing,783.0058606379115,14.00218216573525,29.00275961968049
75846,Claridge,1263343 Alberta Inc.,Alberta,Buyout,12/20/2018,12.324195,Transportation,862.417106029947,14.0076332205132,4.596208035301239
69725,Clayton Dubilier & Rice,"naviHealth, Inc.",Tennessee,Buyout,6/13/2018,6700.0049,Healthcare IT,1800.001920406958,14.00318480899263,25.20143276078105
72021,Clayton Dubilier & Rice,"PowerTeam Services, LLC",North Carolina,Buyout,8/22/2018,46899.988,Construction,862.4133728441286,14.00736291624311,2.136048575792999
66051,Clayton Dubilier & Rice,Atrium Corporation,Texas,Buyout,1/31/2018,205.00401,Manufacturing,2200.009046021808,14.00585527961779,325.0046647858359
66347,Clayton Dubilier & Rice,American Greetings Corporation,Ohio,Buyout,2/13/2018,98.504822,Publishing,93.00206338515861,12.80785998047751,52.70479386431864
73855,Clearlake Capital Group,Vendor Credentialing Service LLC,Texas,Buyout,10/23/2018,15.068158,Software,2200.005713799927,14.00235787464011,129.155042045481
67695,Clearlake Capital Group,"Wheel Pros, LLC",California,Buyout,4/4/2018,293.66617,Transportation,301.1543844143117,14.00351833912249,300
74561,Clearlake Capital Group,"Team Technologies, Inc.",Tennessee,Buyout,11/15/2018,492.31161,Manufacturing,1800.004706573109,14.0054743863799,10.02393200752775
65691,Clearlake Capital Group,"Janus International Group, LLC",Georgia,Buyout,1/17/2018,88.105415,Manufacturing,105.0038341270387,47.0082548019656,16.02295570501229
73081,Clearlake Capital Group,American Construction Source,Missouri,Buyout,9/26/2018,29.03035,Construction,330.0039058504672,14.00901331437457,34.64809642511894
66956,Clearlake Capital Group,"ProVation Medical, Inc.",Minnesota,Buyout,1/11/2018,181.78999,Software,154.1891319707543,14.00518236506436,100.3386883743345
67970,Clearview Capital,"Mudlick Mail, LLC",Georgia,Buyout,2/14/2018,1198.9703,Marketing,105.00645944505,47.00945268955017,40.32719907208588
67614,Clearview Capital,"Community Medical Services Holdings, LLC",Arizona,Buyout,3/30/2018,4.4822359,Healthcare,862.4192804264806,14.00657726602334,35.47648610451983
75381,Cobepa,"BioAgilytix, Inc.",North Carolina,Buyout,10/31/2018,280,Biotechnology,862.4102273315423,14.00968994071413,4.095667239161604
78973,Cohesive Capital Partners,DJR Energy,Colorado,Buyout,6/1/2018,4.2567616,Oil & Gas,862.412031409933,14.00947735422928,80.00143583234851
65862,Compass Diversified Holdings,Foam Fabricators Inc,Arizona,Buyout,1/18/2018,247.5,Logistics,862.4180593228868,14.00398211238611,35.47157159003222
77454,Compass Group Equity Partners,Compass Electronics Group,Missouri,Buyout,9/12/2018,395.00317,Electronics,330.0077907405839,14.0022359409992,247.0443660115229
71327,Compass Group Equity Partners,"EPIC Systems, Inc.",Missouri,Buyout,7/20/2018,395.00302,Industrial,330.0022712468681,14.00666788184721,187.5093175143165
80261,Compass Group Equity Partners,"Logic Product Development, Inc.",Minnesota,Buyout,5/10/2018,2474.0618,Industrial,154.1901106764604,14.00936339853037,252.505485928454
67486,Comvest Partners,Systems Control,Michigan,Buyout,4/6/2018,12.326318,Electronics,862.4140303124643,14.00646145885516,165
66950,Comvest Partners,"Engage2Excel, Inc.",North Carolina,Buyout,3/8/2018,46899.988,Business Services,862.4137449289176,14.00658825376708,49.09383352168025
70414,Comvest Partners,Spinrite Yarns Online Inc.,Ontario,Buyout,7/3/2018,12.325315,Manufacturing,862.4198809581778,14.00713228165809,137
67143,Constitution Capital Partners,"Airxcel, Inc.",Kansas,Buyout,3/14/2018,640,Energy,397,80,540
72390,CORE Industrial Partners,"Midwest Composite Technologies, Inc.",Wisconsin,Buyout,9/5/2018,500.00089,Industrial,862.4116816091321,14.00418079096529,842.5606042544379
75551,Cornell Capital,PureStar Group,Nevada,Buyout,6/1/2018,12.323072,Business Services,862.4191922637604,14.00705737212378,12.30733460188747
74353,Cornell Capital,Knowlton Development Corporation,Quebec,Buyout,11/7/2018,1000,Manufacturing,862.4199936370335,14.00232518358793,4.596299916792483
69328,Corsair Capital,Jackson Hewitt Tax Service Inc,Florida,Buyout,5/31/2018,400.00839,Financial Services,89.6007835786947,34.60220335786363,6.007644025190528
70634,Cotton Creek Capital,"Young’s Communications Co., Inc.",Florida,Buyout,7/9/2018,400.00082,Infrastructure,89.60140558220856,34.60295516009575,6.003348107497002
73207,Cotton Creek Capital,Vecta Environmental Services LLC,Louisiana,Buyout,10/1/2018,12.326319,Environmental Services,862.4173695853881,14.00992981960702,62.0045552570663
71788,Court Square Capital Partners,"Momentum Telecom, Inc.",Alabama,Buyout,3/12/2018,12.322246,Telecoms,862.4105096127225,14.00950139352757,110
75105,Court Square Capital Partners,"Smart City Holdings, LLC",Nevada,Buyout,11/20/2018,12.322981,Telecoms,862.4118346092494,14.00212149332914,295
69231,CoVant,LinQuest Corporation,California,Buyout,5/29/2018,3996.5605,IT Security,301.1490258098303,14.00551493663046,754.9505380897384
66685,CR3 Capital,Xymat LLC,Colorado,Buyout,2/27/2018,4.2490778,Engineering,862.4108292873918,14.00876643752385,80.00778581946608
76371,Craftsman Capital Partners,"CMIT Solutions, Inc.",Texas,Buyout,12/23/2018,205.0043,IT,2200.006236234173,14.00762077385265,325.0088642427251
83237,Crane Street Capital,"Kss Immersion Schools,",California,Buyout,12/1/2018,3996.5583,Education / Training,301.1503143225519,14.0020759004325,754.9483186826759
73679,Crescendo Capital Partners,"Peltram Plumbing, Inc.",Washington,Buyout,7/24/2018,500.00446,Utilities,862.4179150423936,14.00794400518465,856.0069079500931
75433,Crescent Capital Partners,Healthcare Australia Pty Ltd,New South Wales,Buyout,6/1/2018,67.234268,Outsourcing,50.00106276102004,14.00067316419849,4.587907729840659
65766,Crescent Capital Partners,Nucleus Network,Victoria,Buyout,1/18/2018,32.343437,Medical Technologies,862.4155253273404,14.00779015209231,4.594554617356331
66206,Crestview Partners,"ATC Drivetrain, LLC",Oklahoma,Buyout,2/6/2018,16.409834,Transportation,862.4113839407421,14.00936575757045,155
72467,Crestview Partners,Protect My Car,Florida,Buyout,9/6/2018,39.541634,Consumer Services,89.60401557099949,34.60322169972716,2.386546299273161
73734,Crestview Partners,"Elo Touch Solutions, Inc.",California,Buyout,10/17/2018,395,Electronics,301.1552032829451,14.00068562296623,395
68359,CVC Capital Partners,OANDA Corporation,California,Buyout,5/2/2018,799.31738,Internet,301.1487618969942,14.0042913389549,754.9551665193934
68355,CVC Capital Partners,The Alpha Corporation of Collierville Tennessee Inc.,Tennessee,Buyout,5/2/2018,1340.0005,Manufacturing,1800.005286054587,14.00007563250951,25.20254993028883
72936,CVC Capital Partners,UnitedLex Corporation,Kansas,Buyout,9/20/2018,200,Business Services,397.0009908301186,80.00199606269118,11.50527451757276
68357,Dana Holdings,"Kramer Laboratories, Inc.",Florida,Buyout,5/2/2018,70.000465,Pharmaceuticals,89.60016359161064,34.60936678959189,6.000038495923944
66306,Dane Creek Capital,Pets4Life,Ontario,Buyout,1/31/2018,12.323402,Food,862.4147901240706,14.00246078182649,12.80678384392983
68041,Dane Creek Capital,Naturawls Pet Products,Ontario,Buyout,4/23/2018,12.328522,Food,862.4161076344519,14.00558899400461,12.80844262117049
69611,Dane Creek Capital,Spring Meadows Natural Pet Food,Saskatchewan,Buyout,6/11/2018,12.328368,Food,862.4184030693925,14.00579256482128,4.587711963274338
71309,Delos Capital,"HOP Energy, LLC",New York,Buyout,7/31/2018,3100.0044,Oil & Gas,2550.000379193924,358.0078893305833,28.16804278394478
74414,Delos Capital,"Edgard Construction Materials, LLC",Louisiana,Buyout,8/7/2018,12.326704,Construction,862.4109617639535,14.00621320690665,28.83546267426729
73695,Devonshire Investors,"NovoEd, Inc.",California,Buyout,10/16/2018,3996.554,Internet,301.1527378983984,14.00303059547845,754.9527084564392
66859,DGB Investments,Pipeworks Inc.,Oregon,Buyout,2/23/2018,12.32227,Gaming,862.4186162128083,14.00393103912178,507.0300078528866
65658,Diversis Capital,Marketron Broadcast Solutions,Idaho,Buyout,1/16/2018,12.327106,Software,862.4113845183949,14.00574670184109,163.3699191868143
81425,Donovan Ventures,Restream Solutions,Texas,Buyout,1/1/2018,205.00839,Oil & Gas,2200.000456623415,14.00592218629721,325.0021771599091
78959,Dorilton Capital,Aut Solutions Group,Texas,Buyout,8/13/2018,205.00049,High-Tech,2200.001458788366,14.00212394387167,325.0014054031595
72536,Dos Rios Partners,STATinMED Research,Michigan,Buyout,9/7/2018,12.327036,Business Services,862.4143601305752,14.00780247721526,11.7
80705,Dry Fly Capital,"AiA Industries, Inc.",Colorado,Buyout,8/23/2018,4.2511482,Materials,862.4121997283276,14.00178017501425,80.00498234433573
74173,Dunes Point Capital,Specialty Products & Insulation Co. ,Pennsylvania,Buyout,9/27/2018,122.5,Distribution,2213.473274544312,14.00178331135943,84
70336,Dunes Point Capital,Sonneman - A Way of Light,New York,Buyout,6/25/2018,52.823986,Semiconductors,2550.008455270101,358.0033198885719,81.59409076896246
78955,DW Healthcare Partners,Aequor Healthcare Services,New Jersey,Buyout,5/10/2018,8.106782,Healthcare,862.413218290216,14.00678397958804,34.23835786217428
71787,Eagle Merchant Partners,The Recreational Group,Georgia,Buyout,8/14/2018,1198.9672,Construction,105.0022201559599,47.00080898316279,18.75341642505614
73528,Eagle Private Capital,"itrac, LLC",Oregon,Buyout,9/21/2018,12.329433,Software,862.4107511250388,14.00680267076645,507.0332959826968
73638,EagleTree Capital,Gaylord Chemical Company LLC,Louisiana,Buyout,10/15/2018,12.329026,Chemicals,862.4176219998828,14.00652921909172,62.00592415503334
66299,EagleTree Capital,Airtech Incorporated,New Jersey,Buyout,2/5/2018,271.40662,Manufacturing,862.4136477926716,14.00585034500513,34.23521494743949
73547,EagleTree Capital,"FuseFX, Inc.",California,Buyout,10/11/2018,3996.5527,Internet,301.1528496650236,14.00734484392855,754.9564285625305
73556,Eden Capital,"Tour de Force, Inc.",Ohio,Buyout,10/11/2018,98.506805,Internet,93.00951889501309,12.80449215320361,52.7048683822318
70007,Eden Capital,Compass Sales Solutions,Idaho,Buyout,6/20/2018,12.328523,Software,862.4193471985839,14.0056643091299,163.376066775534
72501,Edgewater Capital Partners,Pure Wafer,California,Buyout,8/29/2018,3996.5537,Semiconductors,301.1515170793238,14.00325848219622,754.957740056568
80735,Eight Roads Ventures Japan,Prosper Funding LLC,California,Buyout,1/1/2018,3996.5581,Internet,301.1567735868695,14.0049702898756,754.9572493278023
80263,Eldridge Industries,"NPC International, Inc.",Kansas,Buyout,4/23/2018,1000,Restaurants,397.0052764636825,80.00107285752412,11.50101683835434
71994,Element Fleet Management Corp.,"Amerit Fleet Solutions, Inc.",California,Buyout,3/30/2018,3996.5603,Outsourcing,301.1529626814837,14.00505034496713,9.800000000000001
69767,Elliott Management Corporation,"Prosperity Life Insurance Group, LLC",Texas,Buyout,3/14/2018,205.00291,Insurance,2200.007129542954,14.00457862123552,325.0059743622802
66754,Empeiria Capital Partners,"B&B Roadway and Security Solutions, LLC",Texas,Buyout,2/27/2018,205.00865,Defence,2200.009180791635,14.00480220663998,10.5
82876,EnCap Flatrock Midstream,Caiman Energy Ii,Texas,Buyout,3/10/2018,205.00584,Oil & Gas,2200.00974860597,14.00056052288677,325.0016260448862
65808,Endicott Management Company,Bank Leumi USA,New York,Buyout,1/22/2018,141,Financial Services,2550.006751609166,358.0089375667373,28.1723852887218
66992,Energy Capital Partners,Gopher Resource LLC,Minnesota,Buyout,1/30/2018,2474.0613,Clean Technology,154.189385402719,14.00436323193539,252.5078720420828
80168,Enlightenment Capital,Everwatch Corporation,Virginia,Buyout,10/15/2018,3633.2361,Defence,20.00740352419152,14.00678625620607,4.590005464207203
65708,Envista Group,Sky High Sports Network,Oregon,Buyout,1/16/2018,12.324312,Leisure,862.4148874118894,14.0080888295703,507.0336924811758
70150,EQT,"Zemax, LLC",Washington,Buyout,6/26/2018,500.00851,Software,862.4160605221025,14.00804058892358,856.0005841273774
67930,Equicapita,Smitty’s Canada Inc.,Alberta,Buyout,4/9/2018,12.325831,Restaurants,862.4176102857075,14.00122704030186,4.59069422381726
76697,Equicapita,Shaw Group of Dental Laboratories,Ontario,Buyout,12/20/2018,.37307411,Healthcare,862.4140940424024,14.00978815426755,12.80066303760274
81317,Equicapita,I-Xl Building Products Ltd,British Columbia,Buyout,12/17/2018,10.502652,Manufacturing,862.4153624371595,14.00792749097276,523.7054854607113
75732,ESW Capital,NewNet's Mobile & IoT Messaging and Interact Business Units ,Illinois,Buyout,12/18/2018,1440.5089,Telecoms,746.8481103895481,14.00695665051866,111.7020147219219
75624,ESW Capital,"School Loop, Inc.",California,Buyout,12/4/2018,3996.5566,Software,301.1529284507225,14.00757391342599,754.9501699074239
75731,ESW Capital,"ZephyrTel, Inc.",Texas,Buyout,1/1/2018,205.00853,Software,2200.008016976021,14.00912364443469,325.0005380506879
77207,ESW Capital,ResponseTek Networks Corp.,Texas,Buyout,5/23/2018,205.00081,Software,2200.001162298797,14.00033002866952,325.0055449191965
78983,EW Healthcare Partners,"Eyepoint Pharmaceuticals,",Massachusetts,Buyout,3/28/2018,46.063625,Pharmaceuticals,862.41948136212,14.00969551840502,39.12960417972359
80272,Falcata Capital,Xpressdocs Partners,Texas,Buyout,8/15/2018,205.00217,Marketing,2200.004570623818,14.00551068421159,325.0050025844499
69167,Falcon Investment Advisors,"Iconic Group, Inc.",Georgia,Buyout,5/15/2018,1198.9752,Consumer Services,105.0092751456517,47.00668306706408,83
67890,Falfurrias Capital Partners,"Tax Guard, Inc.",Colorado,Buyout,6/14/2018,4.2541399,Software,862.415850819458,14.00098554824184,80.00708861043196
77990,"Fanatics, Inc.",LIDS Sports Group,Indiana,Buyout,12/14/2018,101,Retail,862.4106439540831,14.00542944401208,4.59118294651416
69167,Fenway Partners,"Iconic Group, Inc.",Georgia,Buyout,5/15/2018,1198.9739,Consumer Services,105.0074917048309,47.00511424673656,83
67201,Fidante Partners,"Latigo Partners, L.P.",New York,Buyout,3/15/2018,3100.0081,Financial Services,2550.006735509859,358.0052022032539,28.16967697380381
68927,Fireman Capital Partners,"Bandon Holdings, LLC",Texas,Buyout,5/18/2018,205.00027,Business Services,2200.000489504894,14.00277809856165,325.0044995086752
69143,FirePower Equity,Interwork Technologies Inc.,New York,Buyout,4/27/2018,3100.0027,IT Security,2550.005899596159,358.006973471223,28.17550110755759
78964,First Reserve,"Blue Racer Midstream, LLC",Texas,Buyout,11/1/2018,205.00475,Infrastructure,2200.001079749391,14.00746751447845,325.0088684308827
67739,First Reserve,"CHA Consulting, Inc.",New York,Buyout,4/10/2018,3100.0039,Engineering,2550.00075674594,358.0039068453113,28.1758343683024
65402,Five Arrows Principal Investments,"The Stepping Stones Group, LLC",Colorado,Buyout,1/4/2018,.12964909,Healthcare,862.4174874410003,14.00397241592113,80.00875545991104
82949,Five Points Capital,Clinical Trial Services Company,North Carolina,Buyout,10/1/2018,1400.0049,Healthcare,862.4155976426757,14.00114786193411,4.593200491562308
73118,Five V Capital,Universal Store Pty Ltd.,Queensland,Buyout,9/25/2018,72.389999,Retail,862.4162946901254,14.00055469111943,4.58966134330985
66896,Flexpoint Ford,Dash Financial Technologies LLC,New York,Buyout,3/6/2018,3100.0073,Financial Services,2550.007883450613,358.0060000388982,155
66832,Foundation Investment Partners,Discount Drainage Supplies,Ohio,Buyout,2/28/2018,715.60931,Distribution,262.9104685603347,12.80942148712886,52.70336673005252
67468,Francisco Partners,Bomgar Corporation,Mississippi,Buyout,4/3/2018,27.409864,Software,104,14.0093695592292,4.594178529742927
66658,Francisco Partners,"Discovery Education, Inc.",Maryland,Buyout,2/26/2018,120,Education / Training,3756.000418116904,14.00875824747312,13.90750235034845
68425,Francisco Partners,"Renaissance Learning, Inc.",Wisconsin,Buyout,5/3/2018,42.00769,Software,862.41054609158,14.0086412090965,842.5682600576685
75634,Frazier Healthcare Partners,United Digestive,Georgia,Buyout,12/17/2018,35.795109,Healthcare,105.0069176422525,47.0000149542722,40.32851809959169
74612,Frind Holdings,Ansan Traffic Group Ltd.,British Columbia,Buyout,11/16/2018,10.502765,Construction,862.4146990300126,14.00392092868391,243.4879153030477
67498,Frontenac Company,JADE Learning LLC,North Carolina,Buyout,3/30/2018,46899.988,Education / Training,862.4105466738313,14.0045666313887,4.58891880727169
74287,Frontenac Company,Motion Solutions,California,Buyout,11/6/2018,3996.5515,Industrial,301.151309360862,14.00487887357998,754.9533167749245
67753,FTV Capital,"Clearent, LLC",Missouri,Buyout,3/30/2018,395.00064,Software,330.0002305991993,14.0077017826185,187.5
70092,Fulcrum Capital Partners,"National Logistics Services, Inc.",Ontario,Buyout,6/25/2018,12.328625,Logistics,862.412523023688,14.00077123438645,12.80769075421146
67993,Fulcrum Capital Partners,Athletica Sport Systems Inc.,Ontario,Buyout,4/20/2018,12.328579,Construction,862.4149631665989,14.00892878381241,5.955053668994241
68714,Fulcrum Equity Partners,"Liberation Way, LLC",Pennsylvania,Buyout,5/14/2018,29.544453,Healthcare,783.0020879919556,14.00834143312353,29.00803927734427
66140,Fusion Agiletech Partners,"Quisitive, LLC",Texas,Buyout,2/1/2018,205.00105,Software,2200.006670207675,14.00181638646576,325.0060346379429
68431,Gemspring Capital,"A10 Capital, LLC",Idaho,Buyout,5/3/2018,12.329024,Financial Services,862.4159975195273,14.00826854688752,163.3754824269634
68044,Gemspring Capital,"TMP Worldwide Advertising & Communications, LLC",New York,Buyout,4/23/2018,3100.0046,Software,2550.007378643976,358.0011605324323,28.17043487387049
74660,Gemspring Capital,"Bobit Business Media, Inc.",California,Buyout,11/19/2018,3996.5547,Digital Media,301.1489675302247,14.00609112960923,754.9549466439124
67016,Gen Cap America,CoreMedical Group,New Hampshire,Buyout,3/12/2018,12.327112,Business Services,862.4188833543069,14.00946269521195,8
76146,Gen Cap America,"Blower Application Company, Inc.",Wisconsin,Buyout,12/20/2018,500.00748,Industrial,862.4123812673117,14.00300240317996,842.5608159814284
69317,Gen Cap America,Mid America Metals,Missouri,Buyout,5/31/2018,395.0051,Materials,330.0076190307782,14.00629682570401,187.5055846216318
73227,Gen Cap America,"Positex, Inc.",Minnesota,Buyout,10/2/2018,2474.0635,Medical Instruments,154.1964363995981,14.0030861509655,252.5031084176848
72665,General Atlantic,OneOncology,Tennessee,Buyout,9/12/2018,200,Healthcare,1800.0032762628,14.0065214150742,25.20840501189176
82698,Generation Growth Capital,3rd Dimension Industrial 3D Printing Co,Indiana,Buyout,11/21/2018,62.940918,Manufacturing,862.4122203983336,14.00783888214904,4.589565837576807
72672,Geneva Glen Capital,"EZ Shipper Racks, Inc. ",California,Buyout,9/13/2018,3996.5566,Shipping,301.1483454479559,14.00743763997856,754.9497078530325
67296,GenNx360 Capital Partners,"Temporary Housing, Inc.",Arizona,Buyout,3/20/2018,150.00742,Property,862.4176194666854,14.00897265748758,68
67472,GenNx360 Capital Partners,"Subsea Global Solutions, LLC",Florida,Buyout,3/29/2018,400.00394,Engineering,89.60293056553174,34.60879315914718,11.50755903157442
67860,GenNx360 Capital Partners,"GenServe, Inc.",New York,Buyout,4/21/2018,3100.0073,Power,2550.001919771443,358.0005911547557,54
71259,GenNx360 Capital Partners,Precision Aviation Group Inc.,Georgia,Buyout,7/20/2018,1198.9695,Aerospace,105.000819366714,47.00129545374708,77.3
71389,Genstar Capital Partners,"BBB Industries, LLC",Alabama,Buyout,8/2/2018,5.2428932,Transportation,862.4138225006375,14.00830171687234,6.780265897389383
65510,Genstar Capital Partners,"Pinnacle Investment Management, Inc.",Connecticut,Buyout,1/9/2018,292.23932,Financial Services,862.4182729487277,14.00996304919649,6.777206342777119
74127,Genstar Capital Partners,Home Buyers Warranty Corporation,Colorado,Buyout,11/1/2018,1.8091676,Financial Services,862.4185157175145,14.00155237327967,118.1555942377018
69970,Genstar Capital Partners,"Drillinginfo, Inc.",Texas,Buyout,6/19/2018,87.205727,Software,2200.006664985749,14.00865241383839,480
70878,Genstar Capital Partners,"Cetera Financial Group, Inc.",California,Buyout,7/17/2018,1700,Financial Services,301.1498580424769,14.00290616472888,1115
75799,GHO Capital,"Kinsale Holdings, Inc.",California,Buyout,12/20/2018,3996.5583,Business Services,301.1527301474663,14.00629147106487,754.956774805912
69814,GI Partners,California Cryobank LLC,California,Buyout,6/15/2018,67.59832,Healthcare,301.1539214105534,14.00713096243966,754.9555520953212
67300,GI Partners,Advanced Discovery Inc.,Texas,Buyout,3/21/2018,116.16203,Software,2200.004214792005,14.00863223300952,325.0033211844526
67067,GI Partners,"Togetherwork Holdings, LLC",New York,Buyout,3/13/2018,1756.4633,Software,2550.005965904464,358.0010602010513,28.17560417423296
75336,GI Partners,"Netsmart Technologies, Inc.",Kansas,Buyout,12/10/2018,566.59998,Software,397.0086023968074,80.00818409816813,11.50444750266084
67298,GI Partners,Consilio LLC,DC,Buyout,3/21/2018,6.985291,Business Services,862.4104282021201,14.00432613456327,4.595222202416331
76050,GI Partners,"Single Digits, Inc.",New Hampshire,Buyout,12/31/2018,6.9852414,Internet,862.4184712906338,14.00972701480318,8.007946302259869
71265,Gibraltar Ventures,"Tilley Endurables, Inc.",New York,Buyout,7/30/2018,3100.0037,Manufacturing,2550.005054328256,358.0077448451991,28.16984658347713
68425,Global Education Management Systems,"Renaissance Learning, Inc.",Wisconsin,Buyout,5/3/2018,500.00732,Software,862.4176490571319,14.00982466490645,842.5597995370764
78973,Global Energy Capital,DJR Energy,Colorado,Buyout,6/1/2018,4.2552681,Oil & Gas,862.4169704442813,14.00119228020016,80.00677210883688
74219,Golden Gate Capital,"Vector-Solutions.com, Inc.",Florida,Buyout,11/5/2018,400.00418,Software,89.60748748055603,34.60836677173285,6.008721264126505
70359,Golden Gate Capital,The Learning Experience Corp.,Florida,Buyout,7/2/2018,400.00217,Education / Training,89.6029992922483,34.6030568863651,6.00748060601836
71576,Golden Gate Capital,Aperio Group LLC,California,Buyout,8/7/2018,3996.5574,Financial Services,301.1530133486914,14.00095050443601,754.9534949834991
74674,Golden Gate Capital,Active Minerals International LLC,Maryland,Buyout,11/19/2018,1428.3722,Manufacturing,3756.004710730615,14.00218243349049,13.90594064718804
65453,Goldman Sachs Merchant Banking Division,"Lucid Energy Group II, LLC",Texas,Buyout,1/8/2018,1600,Oil & Gas,2200.009339608211,14.00006472113422,325.0063932474255
69972,Goldman Sachs Merchant Banking Division,"Audio Visual Services Group, LLC",Illinois,Buyout,6/19/2018,11242.935,Entertainment,746.8521286722987,14.0071930141345,111.7010829757119
69772,Goldman Sachs Merchant Banking Division,"Slickdeals, LLC",Nevada,Buyout,6/14/2018,96.163528,Internet,862.4188269580684,14.00437848513651,12.30678227544666
70724,Goldman Sachs Merchant Banking Division,Boyd Corporation,California,Buyout,7/11/2018,31192.617,Manufacturing,301.1496039734876,14.00454826431054,754.9561840186428
69675,GPB Capital,Health Prime International,Maryland,Buyout,6/12/2018,1428.3759,Healthcare IT,3756.008392162139,14.00303358153145,13.90709433140925
65828,GPB Capital,MatrixOneSource Inc,Florida,Buyout,1/19/2018,400.00507,Outsourcing,89.6090336515842,34.60136660876816,6.005829977850224
71896,Graham Partners,"Medbio, Inc.",Michigan,Buyout,7/18/2018,12.324074,Medical Devices,862.4162231408029,14.00447139667052,11.70496770853753
79010,Graham Partners,Myers Energy Power Systems,Pennsylvania,Buyout,7/9/2018,989.6283,Technology,783.0027902576056,14.00002663696945,29.00339988835088
75669,Graham Partners,Giraffe Foods Inc.,Ontario,Buyout,12/11/2018,12.323227,Food,862.4110917063865,14.00659954512197,12.79990131824039
77068,Granite Bridge Partners,American Higher Education Development Corporation,New Jersey,Buyout,7/26/2018,271.40137,Education / Training,862.4149656555585,14.00540891905952,34.23652235553204
77072,Granite Bridge Partners,The Wellness Network,Georgia,Buyout,7/26/2018,1198.9686,Education / Training,105.009488966139,47.00072214286244,40.32844377725627
77071,Granite Bridge Partners,"Smiles Services, LLC",Washington,Buyout,7/26/2018,14.934989,Healthcare,862.4103372707234,14.00571269133765,856.0005338793812
77066,Granite Bridge Partners,"All Island Media, Inc.",New York,Buyout,7/26/2018,3100.0034,Publishing,2550.002002689886,358.0066930448735,28.17454829937118
77069,Granite Bridge Partners,"InterMed Group, Inc.",Florida,Buyout,7/26/2018,400.00027,Medical Instruments,89.60636816958841,34.60189565226102,6.004813775467481
77067,Granite Bridge Partners,"Integrated Cable Assembly Holdings, Inc.",Arizona,Buyout,7/26/2018,150.00525,Manufacturing,862.4145658550754,14.00878439994234,35.47434501440988
77074,Granite Bridge Partners,"Winning Streak Sports, LLC",Kansas,Buyout,7/26/2018,1000.0031,Manufacturing,397.0070619305957,80.00331986532066,11.50038622063053
77070,Granite Bridge Partners,"Phelps Industries, LLC",Illinois,Buyout,7/26/2018,1440.5002,Food,746.8486570395778,14.0049685673945,111.7024034405977
73288,Graycliff Partners,Pebble Technology International,Arizona,Buyout,10/3/2018,.7260443,Construction,862.416056700886,14.00290658801499,16.49310918503286
81361,Graycliff Partners,Worldwide Electric Corp,New York,Buyout,6/25/2018,15,Manufacturing,2550.00084277372,358.0021023656806,28.16902740448053
84000,Graycliff Partners,Pebble Technology,California,Buyout,9/1/2018,19.344355,Technology,301.1543921699005,14.0028421835665,754.9534536807399
82740,Graylight Partners,Advanced Microbial Systems,Oklahoma,Buyout,9/27/2018,166.00008,Clean Technology,862.4134181476168,14.00211891263429,390.3146670440535
80260,Greenbriar Equity Group,LaserShip,Virginia,Buyout,3/1/2018,3633.2358,Business Services,20.00516452041401,14.00641931092072,4.594332062925965
65493,Grey Mountain Partners,"48forty Solutions, LLC",Georgia,Buyout,1/8/2018,115,Logistics,105.0029880530759,47.00713596736947,40.32167296656183
74530,Grey Mountain Partners,Mann Lake Ltd. ,Minnesota,Buyout,11/14/2018,237.30444,Agriculture,154.191316900779,14.00434979388196,252.5054244034221
70887,Gridiron Capital,"The Service Companies, Inc.",Florida,Buyout,7/11/2018,400.00076,Outsourcing,89.60582483972367,34.60434020416943,6.007622121880557
78124,Growth Catalyst Partners,"CyberRisk Alliance, LLC",Illinois,Buyout,11/5/2018,1440.5029,Information Services,746.8513229152902,14.00962063634474,111.7012891636614
82722,Grupo ECOS,Ad Astra Rocket Company,Texas,Buyout,5/30/2018,205.00116,Aerospace,2200.004014147404,14.00664302810732,325.0046006982699
69418,Gryphon Investors,"Water's Edge Dermatology, Inc.",Florida,Buyout,6/4/2018,11.943254,Healthcare,89.60905998752396,34.60944923678545,6.007496618247385
68870,Gryphon Investors,New Milani Group LLC,California,Buyout,5/18/2018,3996.5579,Consumer Products,301.1562137651446,14.00035989781431,754.9567936372545
69478,Gryphon Investors,"Shermco Industries, Inc.",Texas,Buyout,6/5/2018,205.00676,Electronics,2200.004295832902,14.00164316791746,428.2046815194776
65902,GTCR,EaglePicher Technologies LLC,Missouri,Buyout,1/23/2018,395.00662,Electronics,330.0063843368598,14.00060274165993,247.0475147256033
74668,GTCR,"Ultimus Fund Solutions, LLC",Ohio,Buyout,11/19/2018,98.508682,Financial Services,93.00222902204266,12.80520148153839,52.70512394692516
74669,GTCR,The Gemini Companies,New York,Buyout,11/19/2018,3100.0083,Financial Services,2550.009964950514,358.0050914578239,28.16889191264557
66038,H.I.G. Capital,Town & Country Holdings Inc.,New Jersey,Buyout,1/29/2018,271.40543,Manufacturing,862.4112843366077,14.00979216826785,70
66196,H.I.G. Capital,"Wastequip, LLC",North Carolina,Buyout,2/5/2018,46899.988,Manufacturing,862.4180131330124,14.00891333782751,9.385436955204266
68243,H.I.G. Capital,"Buck Consultants, LLC",New York,Buyout,4/30/2018,3100.0061,Business Services,2550.001138526728,358.0060093623685,57.60132894757798
69431,H.I.G. Capital,"Eze Castle Integration, Inc.",Massachusetts,Buyout,6/4/2018,263.18158,IT,862.4136851063433,14.0031483072013,80
72623,H.I.G. Capital,"Reliant Rehabilitation Holdings, Inc.",Texas,Buyout,9/12/2018,6.1272407,Healthcare,2200.009959639009,14.00895116349388,664.5700993083104
76473,H.I.G. Capital,"Forte Veterinary Partners, Inc",Florida,Buyout,6/1/2018,11.942616,Healthcare,89.60602274577077,34.60644519575072,12.27804657177987
75419,H.I.G. Capital,"Vision Integrated Graphics Group, LLC",Illinois,Buyout,12/11/2018,1440.51,Marketing,746.846500209185,14.00865985231179,228.4118005560776
72444,H.I.G. Capital,Recochem Corporation,Quebec,Buyout,9/6/2018,1000.0009,Chemicals,862.4136613706562,14.00780232960064,9.387921530583906
76502,H.I.G. Capital,"Correct Care Solutions, LLC",Tennessee,Buyout,10/1/2018,200.00522,Healthcare,1800.009444282758,14.00790406448472,51.53060798498365
71464,H.I.G. Capital,"Data Strategy, LLC",Michigan,Buyout,8/6/2018,12.325548,Business Services,862.4156413971416,14.00574079120237,23.92903154897657
73596,Hadley Capital,"QDx Pathology Services, Inc.",New Jersey,Buyout,2/2/2018,8.1101522,Healthcare,862.4190777716196,14.0006345740327,34.23687467230088
75353,"Hammond, Kennedy, Whitney & Co.",Fresh Direct Produce Ltd,British Columbia,Buyout,12/10/2018,10.501041,Food,862.4199795712686,14.00553901783827,523.6988135046695
72100,"Hammond, Kennedy, Whitney & Co.","Urban Armor Gear, LLC",California,Buyout,8/27/2018,3996.5525,Consumer Products,301.1560042594748,14.0026738360681,754.9534504779216
82933,"Hammond, Kennedy, Whitney & Co.",Certified Tracking Solutions,Alberta,Buyout,10/18/2018,12.322239,Wireless,862.4200067873082,14.00236952385571,4.589117209248067
71880,"Hammond, Kennedy, Whitney & Co.","Indigo Wild, L.L.C.",Missouri,Buyout,8/10/2018,395.00296,Consumer Products,330.0081411022738,14.00972388742197,187.5012637776717
67316,Hanover Partners,"Blast Deflectors, Inc.",Nevada,Buyout,3/21/2018,12.321656,Manufacturing,862.4109240453311,14.00432128376964,12.3
72536,Harbert Management Corporation,STATinMED Research,Michigan,Buyout,9/7/2018,12.324996,Business Services,862.4189857858203,14.0069217440829,11.7
71224,Harbert Management Corporation,"Urgent Care Group, LLC",Tennessee,Buyout,7/25/2018,200.00568,Healthcare,1800.000580031734,14.00233097268905,25.20755843035821
68244,Harbour Group,"Nationwide Industries, Inc.",Florida,Buyout,3/26/2018,400.00113,Manufacturing,89.60209887444917,34.60112877133434,6.004855130380745
74353,HarbourVest Partners,Knowlton Development Corporation,Quebec,Buyout,11/7/2018,1000,Manufacturing,862.4189188302464,14.00669212696779,4.587852867374019
72582,Hargett Hunter,STACKED,California,Buyout,9/10/2018,3996.5549,Restaurants,301.1495921738634,14.00597752315629,754.9530560199704
69419,Harvest Partners,"Dwyer Group, Inc.",Texas,Buyout,5/1/2018,205.00923,Consumer Services,2200.007670381065,14.0012388206011,325.0002444369562
82505,Harvey & Company,Myers Power Products,California,Buyout,7/1/2018,3996.5535,Electronics,301.1474921298751,14.00148913799025,994.6737815421022
81416,Harvey & Company,Juice It Up!,California,Buyout,2/1/2018,3996.5527,Beverages,301.151187251434,14.00880933051634,754.9499666480182
84081,Harvey & Company,Texan Allergy & Sinus Center,Texas,Buyout,8/2/2018,6.125001,Healthcare,2200.008102742914,14.00351199309047,325.0051695277467
81323,HCI Equity Partners,"Jgb Enterprises,",New York,Buyout,12/2/2018,22521.697,Distribution,7208.600622917103,358.0004271377617,28.17223253365877
67755,HCL Technologies Ltd.,Actian Corporation,California,Buyout,4/12/2018,330,IT,301.1514402480053,14.00759158340919,754.956642712706
73912,Headhaul Capital Partners,"Anderson Cargo Services, Inc.",Minnesota,Buyout,10/24/2018,2474.0649,Shipping,154.1892113493564,14.00528768321205,252.5027337678006
73528,HealthEdge Investment Partners,"itrac, LLC",Oregon,Buyout,9/21/2018,12.324928,Software,862.4136367886297,14.0050062542938,507.0363823330894
69772,Hearst Corporation,"Slickdeals, LLC",Nevada,Buyout,6/14/2018,12.329959,Internet,862.4157007396191,14.00891445820857,12.30073963828289
78989,Helix Kapital,Holms Industri,North Carolina,Buyout,7/6/2018,46899.988,Industrial,862.4121657678827,14.0017344787408,4.595163621295066
73712,Hellman & Friedman,"SimpliSafe, Inc.",Massachusetts,Buyout,6/29/2018,263.1832,Consumer Products,862.4177210367254,14.00355075170923,39.12835570595639
66821,Hercules Capital,"Gibraltar Business Capital, LLC",Illinois,Buyout,3/5/2018,1440.5018,Financial Services,746.8458252808794,14.00480774894062,111.7042740213138
72851,Hidden Harbor Capital Partners,AWC Manufacturing Inc.,Ontario,Buyout,9/18/2018,12.320152,Manufacturing,862.4126054373539,14.00790262559134,12.8049381735315
71374,Hidden Harbor Capital Partners,"Masterwork Electronics, Inc.",California,Buyout,8/1/2018,3996.5544,Electronics,301.1524397908898,14.00847056565512,994.6796691429283
72850,Hidden Harbor Capital Partners,Anchor Danly Inc.,Ontario,Buyout,9/18/2018,12.327812,Manufacturing,862.4177402205735,14.00182305135935,12.80421122457361
68462,Hidden Harbor Capital Partners,Cloyes Gear & Products Inc’s aftermarket division,Arkansas,Buyout,5/4/2018,12.325182,Transportation,862.4113029536295,14.00746194889474,41
70579,High Bluff Capital Partners,"TDM IP Holder, LLC",Connecticut,Buyout,7/9/2018,687.02795,Restaurants,862.4112948517052,14.00938090553213,4.586655106201939
74194,High Road Capital Partners,Radix Wire,Ohio,Buyout,11/2/2018,98.504379,Electronics,93.00495628192445,12.80430455270645,69.43646833413115
65523,High Road Capital Partners,U-C Coatings Corporation,New York,Buyout,1/3/2018,3099.9993,Chemicals,2550.00524080651,358.0061160430411,28.17344056986543
71114,High Road Capital Partners,"Nolan Power Group, LLC",Louisiana,Buyout,7/20/2018,89.512573,Distribution,2437.951553805494,14.00917051696855,62
74272,HighBar Partners,"SS8 Networks, Inc.",California,Buyout,11/6/2018,3996.5608,Business Services,301.1550700833278,14.00234742613215,754.9500962011583
70215,Highland Avenue Capital,"Valudor Products, Inc.",California,Buyout,6/27/2018,49.299999,Chemicals,301.1509593467882,14.00100719881415,49.3
70584,Highlander Partners,"Queen City Candy, Inc.",Indiana,Buyout,7/6/2018,62.940281,Food,862.4192114946402,14.00949861539233,4.590428904916913
73520,Highlander Partners,"SFERRA Fine Linens, LLC",California,Buyout,10/9/2018,3996.5557,Manufacturing,301.1538780081274,14.00300373241011,754.9558882836785
65711,Highlander Partners,Kernel Season’s,Illinois,Buyout,1/16/2018,1440.5013,Food,746.8546611800573,14.00306022667031,111.7066846906592
70679,Highview Capital,"Good Source Solutions, Inc.",California,Buyout,6/29/2018,3996.5542,Food,301.1557639698686,14.00810523016084,28.5
72631,"Hilco Industrial, LLC",Bellisio Foods’ assets,Minnesota,Buyout,9/11/2018,2474.0669,Food,154.192857315768,14.00080580653561,252.5032405858623
71023,Hillcore Financial,Panels and Pipes Incorporated,Ontario,Buyout,7/12/2018,12.320201,Construction,862.4170514525815,14.00058563541792,5.957155188604974
74523,Hillcrest Holdings,"eVigilant, Inc.",Virginia,Buyout,10/2/2018,3633.2344,IT Security,20.00151000702235,14.00296262615997,4.59054999035579
74521,Hillcrest Holdings,Evolver Inc.,Virginia,Buyout,10/2/2018,3633.2349,IT,20.00825259701296,14.00235958804082,4.590624610248775
79028,Housatonic Partners,"School Family Media, LLC",Massachusetts,Buyout,9/1/2018,263.18536,Education / Training,862.4126081572815,14.0019743834779,39.13227307501661
84419,HPS Investment Partners,Spruce Finance Inc.,California,Buyout,11/19/2018,3996.5566,Financial Services,301.1490152351281,14.00124781869057,754.9577054178875
70562,HQ Equita,Open Access Pty Ltd,New South Wales,Buyout,7/9/2018,67.235184,Technology,50.0043591028835,14.00364354193847,4.58685633891873
68017,Humana Inc,"Curo Health Services, LLC",North Carolina,Buyout,4/23/2018,1400,Healthcare,862.416188567315,14.00106121144894,4.59640657278505
66754,Huron Capital Partners,"B&B Roadway and Security Solutions, LLC",Texas,Buyout,2/27/2018,205.00943,Defence,2200.005637404468,14.00589690554592,10.5
71955,Huron Capital Partners,High Street Insurance Partners,Michigan,Buyout,8/20/2018,12.327572,Insurance,862.4192689805261,14.00329410807866,.3814828776401221
67066,ICV Partners,"Outpatient Imaging Affiliates, LLC",Tennessee,Buyout,3/13/2018,6700.0039,Medical Instruments,1800.003575371247,14.00440549302552,25.20041790753547
65487,Incline Equity Partners,P.T. International Corporation,North Carolina,Buyout,1/8/2018,340731.38,Distribution,2437.954722584687,14.0022188477375,4.587896464912043
76441,Incline Equity Partners,"Profile Products, LLC",Illinois,Buyout,12/1/2018,1440.5093,Chemicals,746.845248148167,14.00084223428679,111.701917329795
75263,Incline Equity Partners,"Caldwell and Gregory, LLC",Virginia,Buyout,12/6/2018,3633.2327,Consumer Services,20.00689700345455,14.00190846202135,4.589692371485577
75846,Indigo Partners,1263343 Alberta Inc.,Alberta,Buyout,12/20/2018,12.325907,Transportation,862.4174284622043,14.00830803682733,4.590561094514848
74491,Industrial Growth Partners,Electric Power Systems International Inc.,Missouri,Buyout,11/5/2018,395.00626,Engineering,330.0014972145482,14.00880600010682,187.502584804145
80255,Industrial Growth Partners,Brown Machine Group Corporate,Michigan,Buyout,10/4/2018,12.325348,Manufacturing,862.4182816156156,14.00450961582068,11.70153311719297
71307,Industrial Opportunity Partners,"SignResource, LLC",California,Buyout,7/27/2018,3996.5549,Manufacturing,301.1547969520281,14.0012765385833,754.9579575036254
67311,Industrial Opportunity Partners,Royston LLC,Georgia,Buyout,3/9/2018,1198.9751,Manufacturing,105.0042629705835,47.00795680109346,40.32348857677783
70867,Infocommerce Partners,McVeigh Associates Ltd.,New York,Buyout,7/13/2018,3100.0071,Business Services,2550.004711866045,358.005841298225,28.17315398142012
70866,Infocommerce Partners,"Fourth Wall Events, Inc.",New York,Buyout,7/13/2018,3100,Business Services,2550.007262246349,358.0058667740884,28.17326422393593
75220,Insight Venture Partners,"The Athene Group, LLC",Virginia,Buyout,12/6/2018,3633.2285,IT,20.00411444769188,14.00607008870396,4.595889815416009
79050,Insignia Capital Group,Willowtree,California,Buyout,10/1/2018,3996.5557,Software,301.1495972081276,14.00193695979364,754.9520231627461
79038,InTandem Capital Partners,The Haven At College,California,Buyout,6/1/2018,119.30878,Healthcare,301.1571375020968,14.00543445313055,754.9514223479267
69054,InTandem Capital Partners,Turning Point Centers,Utah,Buyout,5/9/2018,14.340747,Healthcare,862.4185058622591,14.00744791432921,4.589988330665798
67423,Intermediate Capital Group,Class Appraisal LLC,Michigan,Buyout,3/26/2018,12.324204,Financial Services,862.4193901278979,14.00627396965105,11.7028068196738
65668,Intervale Capital,PDC Logic LLC,Oklahoma,Buyout,1/16/2018,166.00284,Manufacturing,862.4116353633783,14.002485422992,390.3157352005571
77200,Intervale Capital,Sentry Energy Solutions LLC,Texas,Buyout,6/1/2018,205.0018,Industrial,2200.001694429042,14.00117715389173,325.0023155237101
80701,Intrepid Investment Management,EnLink Midstream,Texas,Buyout,10/1/2018,205.00615,Oil & Gas,2200.003937081625,14.00575457011986,325.0026317782718
69773,Inverness Graham Investments,"EiKO Global, LLC",Kansas,Buyout,6/13/2018,1000.0091,Manufacturing,397.006530689298,80.00223383889053,11.50928164191479
72711,Inverness Graham Investments,"Inter-Med, Inc.",Wisconsin,Buyout,8/6/2018,14.934156,Healthcare,862.4139454731687,14.00676418292973,842.5624182706953
68485,Investcorp,KS Group,New Jersey,Buyout,3/1/2018,54.33255,Transportation,862.4153725108101,14.00116728489924,107.5
67809,Investcorp,KSI Trading Corp.,New Jersey,Buyout,4/12/2018,54.328514,Transportation,862.4118608656775,14.00284584832083,107.5042523069814
71522,Investcorp,"United Talent Agency, LLC",California,Buyout,8/7/2018,800,Business Services,301.1550560203569,14.00655283137861,2370.741731903133
69974,Investissement Québec,Noble Foods Inc.,Quebec,Buyout,6/20/2018,1000.004,Food,862.4149306066304,14.00623899988535,4.588677815215484
67017,Investor AB,"Sarnova, Inc.",Ohio,Buyout,3/12/2018,903,Healthcare,555,12.80899225731802,400
74005,Ironbridge Equity Partners,Canada Metal (Pacific) Ltd.,British Columbia,Buyout,10/26/2018,10.500997,Manufacturing,862.4179120686806,14.00359247309792,523.6994156645515
73037,Ironwood Capital,Capewell Aerial Systems LLC,Virginia,Buyout,9/13/2018,3633.2375,Manufacturing,20.00962189172341,14.0072931718238,4.59410974737984
75087,Irving Place Capital,"Coker Tire Company, Inc.",Tennessee,Buyout,11/15/2018,6700.0117,Transportation,1800.009612522455,14.00432362371761,25.20176635179613
74031,J.F. Lehman & Company,IMIA,Alabama,Buyout,10/29/2018,12.323505,Shipping,862.4151496984034,14.00520760297481,4.592754430889905
75918,J.F. Lehman & Company,Inland Pipe Rehabilitation LLC,Georgia,Buyout,12/27/2018,1198.9681,Utilities,105.0080308679584,47.00105456425278,40.32526796308588
73840,J.H. Whitney & Co,"Southern Aluminum Manufacturing, Inc.",Arkansas,Buyout,3/30/2018,12.328716,Manufacturing,862.4199984016798,14.00430092133287,41.00478157605993
80730,Jasper Development Capital,"Mobile Promotions Network, LLC",Florida,Buyout,3/1/2018,400.00278,Marketing,89.60764337371047,34.60875726970045,6.004966569646056
67403,JC Flowers & Co,"Jefferson Capital International, LLC",Minnesota,Buyout,3/26/2018,2474.0667,Financial Services,154.1952290935483,14.00729485286105,252.5034926972115
69738,JLL Partners,The Patient Experience Project,New York,Buyout,4/24/2018,3100.0034,Digital Media,2550.000484829289,358.0086346931855,6.69175556376609
66539,JLL Partners,"Dohmen Life Science Services, LLC",Wisconsin,Buyout,2/20/2018,500.00891,Outsourcing,862.418858793468,14.00704138317782,200
67935,JLL Partners,Eversana,Ohio,Buyout,4/18/2018,98.509186,Healthcare IT,93.00020074280334,12.80683399920774,12.51093562445832
71787,JLM Financial Partners,The Recreational Group,Georgia,Buyout,8/14/2018,1198.9751,Construction,105.0071225416008,47.00383369449461,18.74693640115097
69099,JMC Capital Partners,Source Code Corporation,Massachusetts,Buyout,5/17/2018,263.18109,Computer Services,862.4171547148346,14.00229533376809,39.12476204413402
72494,JMC Capital Partners,Phoenix Products Company Inc.,Wisconsin,Buyout,9/6/2018,500.00275,Clean Technology,862.4105689540359,14.00887935200412,842.5671388216571
70414,JW Levin Management Partners,Spinrite Yarns Online Inc.,Ontario,Buyout,7/3/2018,12.323213,Manufacturing,862.413076805786,14.00596022989306,137
66824,K1 Investment Management,"Clarizen, Inc.",California,Buyout,1/16/2018,110,Software,301.1496170550773,14.00990307667929,754.9485977057551
77476,K1 Investment Management,"Canvas Solutions, Inc.",Virginia,Buyout,12/31/2018,100,Software,20,14.00254518107216,4.595079759422512
76703,K1 Investment Management,"PerfectServe, Inc.",Tennessee,Buyout,5/1/2018,184.41792,Software,1800.004261386483,14.00149642000146,25.20732780555207
75751,Kainos Capital,"In Zone Brands, Inc.",Georgia,Buyout,11/16/2018,1198.9746,Manufacturing,105.0073984454479,47.00247092672559,129.4
79015,Kainos Capital,Olde Thompson,California,Buyout,5/1/2018,3996.5532,Food,301.1571329069512,14.00691206624437,2422.883040273203
73149,Kainos Capital,"Ferraro Foods, Inc.",New Jersey,Buyout,5/1/2018,271.40863,Food,862.4166564907848,14.00969615170438,109.8661339023209
72653,KCC Corporation,MPM Holdings Inc.,New York,Buyout,9/13/2018,3100,Chemicals,2550,358,28.17060473127561
67669,Kelso & Company,"Jordan Health Services, Inc.",Texas,Buyout,4/10/2018,6.1204047,Healthcare,2200.006133998703,14.00191164761021,325.0040095072724
65513,Keystone Capital,"Arbour Group, LLC",Illinois,Buyout,1/9/2018,1440.5082,Business Services,746.8468661810055,14.00754633929286,111.7059832403821
75614,Keystone Capital,MERGE,Illinois,Buyout,12/17/2018,1440.5049,Marketing,746.8505821543529,14.00642942927483,111.702472248805
66035,Kinderhook Industries,"Gold Medal Services, LLC.",New Jersey,Buyout,1/30/2018,271.40851,Environmental Services,862.4109214946714,14.00888179579455,34.23998437840095
67884,Kinderhook Industries,SCA Performance,Alabama,Buyout,4/13/2018,12.320175,Transportation,862.4111199574747,14.00588616693098,4.595747216891319
73364,Kingswood Capital,"WAVE Electronics, Inc.",Texas,Buyout,10/3/2018,205.00128,Electronics,2200.010066193487,14.00310180416967,428.1993061416438
66703,Kingswood Capital,"AutoAnything, Inc.",California,Buyout,2/27/2018,3996.5579,Internet,301.1555904132503,14.00799846240956,754.9486359443466
78273,KKR,BrightSpring Health Services,Kentucky,Buyout,12/10/2018,1320,Healthcare,1700,136,4.590695405665607
70882,KKR,RBmedia,Maryland,Buyout,7/16/2018,57831.57,Digital Media,3756.00823739216,14.00031482267481,13.90957946977339
67569,KKR,"Cherwell Software, LLC",Colorado,Buyout,4/4/2018,172,Software,862.4158479579694,14.00954133888412,80.00641449493807
68911,KKR,"BMC Software, Inc.",Texas,Buyout,5/29/2018,8300,Software,2200,14.00361751263667,325.003118489312
66942,KKR,"Heartland Dental, LLC",Illinois,Buyout,3/7/2018,1740.9799,Healthcare,746.8542237732343,14.00997598712969,111.7087528819603
73519,Knott Partners,"Eegee's, Inc.",Arizona,Buyout,10/5/2018,150.00075,Restaurants,862.4164071855105,14.00466549127999,35.47746376085819
74849,Koch Equity Development,"Getty Images, Inc.",Washington,Buyout,11/26/2018,500,Digital Media,862.4102776629645,14.00142422410831,856.0085563989664
67941,Kohlberg & Company,"Cadence, Inc.",Virginia,Buyout,4/18/2018,3633.2332,Manufacturing,20.00230037683568,14.00679770728279,30.90446485887103
68703,Kohlberg & Company,Senneca Holdings Inc.,Ohio,Buyout,5/14/2018,98.505295,Manufacturing,93.0022309598921,12.80255423088049,355
67502,Kohlberg & Company,"U.S. Retirement Partners, Inc.",New Jersey,Buyout,3/29/2018,271.40433,Financial Services,862.4141972133859,14.00263031070757,230.6
72785,Konza Valley Capital,"Driv-Lok, Inc.",Illinois,Buyout,7/27/2018,1440.5021,Manufacturing,746.8471308442547,14.00870175530839,111.7034417583991
68351,KPS Capital Partners,"Autokiniton Global Group, LP",New York,Buyout,5/1/2018,3100.0022,Transportation,2550.00817989478,358.0008976749011,28.17190617494556
75913,KSL Capital Partners,Under Canvas Inc.,Montana,Buyout,12/21/2018,5.8529572,Leisure,862.4188377688608,14.00826797319282,4.590755840584458
81394,KSL Capital Partners,Margaritaville Hollywood Beach Resort,Florida,Buyout,4/16/2018,190,Leisure,89.60490889607873,34.60207597901245,6.007855630527045
78985,KT Capital Partners,Filterworks USA,Florida,Buyout,12/1/2018,400.00024,Industrial,89.60239548439104,34.60685901962353,6.001024985616821
67450,L Catterton,Dental Corporation of Canada Holdings Inc.,Ontario,Buyout,4/30/2018,.2445002,Healthcare,862.4186975051618,14.00825664179105,601.0142414082932
67143,L Catterton,"Airxcel, Inc.",Kansas,Buyout,3/14/2018,640,Energy,397,80,540
75469,L Catterton,The Cholula Food Company Inc.,New Jersey,Buyout,12/11/2018,173.70351,Food,862.4161231824166,14.00431693076793,1607.451063087635
73824,L-GAM Advisers,"Woolrich, Inc.",Pennsylvania,Buyout,9/19/2018,989.62329,Manufacturing,783.0071203802162,14.00205572565723,29.00874443195693
75046,L2 Capital,"Orion ICS, LLC",North Carolina,Buyout,12/3/2018,46899.984,Business Services,862.4112452400352,14.00565195047933,4.589751974267707
75102,L2 Capital,Orion Novotus,Texas,Buyout,12/4/2018,205.00278,Business Services,2200.002537729177,14.00874550791163,325.0075459691249
81348,Lakeshore Capital,Preferred Podiatry Group,Illinois,Buyout,8/1/2018,43.001648,Healthcare,746.8526653334281,14.00413336289752,111.7027826236945
75046,Lakewood Capital,"Orion ICS, LLC",North Carolina,Buyout,12/3/2018,46899.992,Business Services,862.412349246579,14.00394537310753,4.59618920395878
75102,Lakewood Capital,Orion Novotus,Texas,Buyout,12/4/2018,205.00275,Business Services,2200.004127076087,14.00976040923673,325.0049186545908
69702,Landon Capital Partners,"Bush Industries, Inc.",New York,Buyout,6/12/2018,3100.0017,Manufacturing,2550.007933449132,358.0073053992452,28.17241420163112
68318,Lantern Asset Management,The Weinstein Company,New York,Buyout,5/1/2018,310,Media,2550.009568797556,358.0074472848425,28.17124451821941
67757,LaSalle Capital,"Brown & Joseph, LLC",Illinois,Buyout,3/28/2018,1440.5062,Financial Services,746.8468915512801,14.00848442839164,111.7064006638166
71074,LaSalle Capital,National Gift Card Corp.,Illinois,Buyout,7/23/2018,1440.5038,Internet,746.8491993857331,14.00487138900611,111.7044135213282
81417,Layer 7 Capital,Synchronet,Texas,Buyout,2/1/2018,205.00595,IT,2200.009155007038,14.00838688818443,325.0085716397986
66983,Legado Capital,Kivuto Solutions Inc.,Ontario,Buyout,3/9/2018,12.322737,Software,862.4143195956915,14.00550670047927,12.80636184257916
68151,Leonard Green & Partners,"SRS Distribution, Inc.",Texas,Buyout,4/24/2018,3000,Distribution,2300,14.00348497984636,325.0042277617864
80271,Leonard Green & Partners,Veritext Legal Solutions,New Jersey,Buyout,8/10/2018,546.69269,Business Services,318.9442074688662,14.00195110856261,34.23850291380263
66012,Leonard Green & Partners,ProMach Inc.,Kentucky,Buyout,1/29/2018,2200,Logistics,628.7,136.0090360611559,4.593679839566172
69228,Levine Leichtman Capital Partners,"Best Lawyers, LLC.",South Carolina,Buyout,5/9/2018,1300.0011,Publishing,556.0033898790434,14.00494056857828,13.74919094076697
77130,Levine Leichtman Capital Partners,"LEG, Inc.",Minnesota,Buyout,12/19/2018,2474.0635,Publishing,154.1924415850122,14.00566527723971,252.5081440637117
75024,Liberty Hall Capital Partners,"Aircraft Performance Group, Inc.",Colorado,Buyout,11/30/2018,4.253736,Software,862.4134937512192,14.00709961039651,80.00716997216907
73051,Lightyear Capital,Augeo FI,Illinois,Buyout,9/25/2018,140,Outsourcing,746.8481953534081,14.0080294549622,111.705555186366
65682,Lightyear Capital,HPM Partners LLC,New York,Buyout,1/16/2018,301.28494,Financial Services,2550.008866902572,358.0047352851468,28.17556159043955
69619,Linden,Evolution Research Group LLC,New Jersey,Buyout,5/29/2018,8.1060791,Healthcare,862.4107100924796,14.00128697719596,205
70126,Lindsay Goldberg,PT Solutions,Georgia,Buyout,6/6/2018,13.028995,Healthcare,105.0004108420666,47.00785262707556,95
74115,Lindsay Goldberg,Pixelle Specialty Solutions,Pennsylvania,Buyout,8/21/2018,360,Manufacturing,783,14.00738444097045,68.33435369094197
69139,LINX Partners,"Sagent, LLC",Texas,Buyout,3/15/2018,205.00804,Telecoms,2200.005445451434,14.00714576208669,325.0026702779829
75431,Lion Capital,"Global Franchise Group, LLC",Georgia,Buyout,11/19/2018,1198.9722,Restaurants,105.0090638928208,47.00895961198891,40.32208358191195
67616,Lion Equity Partners,NorthPoint Technical Services ULC,Alberta,Buyout,3/29/2018,12.328952,Industrial,862.4172746975876,14.00707193754319,4.592150710344137
73829,Littlejohn & Co.,"The Cook & Boardman Group, LLC",North Carolina,Buyout,10/22/2018,340731.38,Distribution,2437.955385205332,14.00175621487837,4.58941155235079
78992,LKCM Headwater Investments,Independent Life,Texas,Buyout,4/30/2018,205.00072,Insurance,2200.004109468735,14.00064631998943,325.0042754399143
73058,LLR Partners,Numotion,Tennessee,Buyout,9/21/2018,6700.0088,Medical Instruments,1800.006695800828,14.00673789355609,450
83920,LLR Partners,"Illuminate Education, Inc. ",California,Buyout,7/1/2018,3996.5583,Software,301.1571486630666,14.00106821720659,13481.22127325642
75065,LLR Partners,Celero Commerce LLC,Tennessee,Buyout,12/3/2018,6700.0063,Software,1800.007073812088,14.00977973324883,450.0072616452837
66701,LNC Partners,"Crosslink Professional Tax Solutions, LLC",California,Buyout,2/27/2018,3996.5596,Software,301.1538470383922,14.00591142486486,58
83246,LongWater Opportunities,Lewis Cabinet Specialties,Utah,Buyout,10/5/2018,480.18713,Manufacturing,862.416563449797,14.00521634250585,4.594685986924739
67061,LongWater Opportunities,"Kalisher Holdings, LLC",North Carolina,Buyout,2/23/2018,46899.984,Consumer Services,862.4124325240466,14.00183042464018,4.588971336891697
69702,Lorraine Capital,"Bush Industries, Inc.",New York,Buyout,6/12/2018,3100.0068,Manufacturing,2550.007394865287,358.0078670458967,28.17191035146164
65510,Lovell Minnick Partners,"Pinnacle Investment Management, Inc.",Connecticut,Buyout,1/9/2018,687.02985,Financial Services,862.415917186436,14.00247521686073,5.660449127899551
71291,Lovell Minnick Partners,"National Auto Care, Corp.",Ohio,Buyout,7/30/2018,98.502792,Insurance,93.00933328894322,12.80177966444709,65
66608,Loyal Companies,"LinkTrust Systems, Inc.",Utah,Buyout,2/21/2018,480.18536,Software,862.4194852736748,14.00902403110344,4.592886945519418
76437,Luminate Capital Partners,"LiquidFrameworks, Inc.",Texas,Buyout,12/4/2018,205.00134,Software,2200.006255343515,14.00377573130358,325.0051925942786
68410,Lynx Equity,"Flooring Solutions, Inc.",California,Buyout,5/3/2018,3996.5569,Construction,301.1479092228066,14.00974781123627,351.0035244689342
68501,Lynx Equity,Blind Bay Village Grocers,British Columbia,Buyout,5/7/2018,16.850849,Retail,862.4194048604897,14.0027949680731,523.7059181792565
70094,Lynx Equity,Safe-Tech Training Inc.,Ontario,Buyout,6/22/2018,12.32437,Education / Training,862.4142762631147,14.00104491481729,12.803090945729
74152,Lynx Equity,Integrity Signs Inc.,Alberta,Buyout,11/1/2018,12.323581,Advertising,862.4117024630743,14.00153304542586,4.595142378758461
82394,Macquarie Capital,Penn Foster,Pennsylvania,Buyout,5/1/2018,575.24847,Education / Training,783.0040304377125,14.00456091958735,29.00862307317487
72554,Macquarie Capital,Claim Central Consolidated Pty Ltd,New South Wales,Buyout,2/25/2018,39.080002,Financial Services,50.00028989040864,14.0005205348058,4.589275229077608
75828,MACSF,Alberta Biodiversity Monitoring Institute,Alberta,Buyout,12/20/2018,12.32,Business Services,862.4154105185501,14.00477153399665,4.587646743802176
69231,Madison Dearborn Partners,LinQuest Corporation,California,Buyout,5/29/2018,328.6868,IT Security,301.1477663115321,14.00499605631161,754.9565972939666
67938,Madison Dearborn Partners,"Remote DBA Experts, LLC",Pennsylvania,Buyout,4/18/2018,81.397652,IT Infrastructure,783.0064445799597,14.00997947027612,29.00576615828953
69435,Madison Dearborn Partners,Alcami Corporation,North Carolina,Buyout,6/1/2018,675,Pharmaceuticals,862.4199128932289,14.006904394009,4.587267961872564
69108,Madison Dearborn Partners,"SIRVA Worldwide, Inc.",Illinois,Buyout,5/23/2018,118.47373,Transportation,746.8545310184143,14.00618045555133,111.7060703344096
80728,Madison Industries,Seakeeper,New Jersey,Buyout,4/5/2018,271.40723,Manufacturing,862.4162804157443,14.00961900094229,34.24163832859671
73286,Madison Industries,Specified Air Solutions LLC,New York,Buyout,10/2/2018,3100.0061,Energy,2550.00634816954,358.0066025575722,28.16919103855538
66730,Main Street Capital Corporation,"Direct Marketing Solutions, Inc.",Oregon,Buyout,2/13/2018,12.324629,Marketing,862.4128457795798,14.00057642009746,27.2
68695,Main Street Capital Corporation,California Splendor,California,Buyout,4/3/2018,3996.5552,Food,301.1497531408633,14.00681535863954,40.5
74321,Main Street Capital Corporation,"Kickhaefer Manufacturing Company, LLC",Wisconsin,Buyout,11/6/2018,500.0098,Manufacturing,862.4145165187276,14.00209947872612,45.2
67911,Maranon Capital,"Specialty Sales, LLC",California,Buyout,4/17/2018,3996.5591,Clean Technology,301.1533023539188,14.00471662182066,754.9578636775326
69676,Marlin Equity Partners,DCI Design Communications LLC,New York,Buyout,6/11/2018,3100.0081,Telecoms,2550.009526708295,358.0091525374079,28.17129101589593
68930,Marlin Equity Partners,"Virgin Pulse, Inc.",Rhode Island,Buyout,5/21/2018,12.322347,Business Services,862.4115328642276,14.00050820066066,4.594016981597812
72447,Marlin Equity Partners,Challenger Inc.,Virginia,Buyout,9/5/2018,3633.2334,Software,20.00783170998974,14.00876869039315,4.593978291664095
69326,Marlin Equity Partners,"FrontStream Holdings, LLC",Virginia,Buyout,5/30/2018,3633.2314,Internet,20.00745469571038,14.00036837826305,4.594355173695654
69674,Marlin Equity Partners,"MDU Enterprises, Inc.",North Carolina,Buyout,6/11/2018,46899.992,Telecoms,862.4139645410671,14.00527179578025,4.595119866829187
74923,Marlin Equity Partners,SimplyWell LLC,Texas,Buyout,11/27/2018,205.00934,Healthcare IT,2200.007338864222,14.00562708835754,325.0043261602074
66386,Marlin Equity Partners,"Inkling Systems, Inc.",California,Buyout,2/13/2018,3996.5547,Digital Media,301.1553608878704,14.00042520002866,754.9508507628992
73546,Marlin Equity Partners,Total Defense Inc.,New York,Buyout,10/10/2018,3100.0066,IT Security,2550.002631900032,358.0025751818536,28.17627140725302
82941,Marlow Capital,Circulogene Africa,Alabama,Buyout,3/1/2018,.36949372,Healthcare,862.4132803365558,14.00113702168859,4.587640123262823
73505,Mason Wells,Structural Concepts Corporation,Michigan,Buyout,10/9/2018,12.326747,Manufacturing,862.4184806792966,14.00193747446578,11.70401137436385
72352,Mason Wells,"EastPoint Sports, Ltd.",New Jersey,Buyout,9/4/2018,435.53012,Retail,862.4113920870207,14.00381955817979,34.23733783065877
72852,Mason Wells,"Buffalo Games, Inc.",New York,Buyout,9/19/2018,4974.6636,Retail,2550.007051277571,358.0049467181886,28.17581587130475
74327,MavenHill Capital,"Gasser & Sons, Inc.",New York,Buyout,11/7/2018,3100.0073,Manufacturing,2550.006274308209,358.0059305096144,28.17007650746303
67839,May River Capital,Dickson,Illinois,Buyout,4/16/2018,1440.5059,Manufacturing,746.8452567676447,14.00308155349161,111.7057081388694
73467,MBF Healthcare Partners,Acorn Health,Florida,Buyout,10/9/2018,11.943108,Healthcare,89.60103707893695,34.60943606415896,6.008352914872374
78958,MCM Capital Partners,Andover Corporation,New Hampshire,Buyout,12/1/2018,12.327705,Materials,862.4178533664874,14.00983064958531,8.005112249481089
73427,Medallion Capital,"3P Processing, Inc.",Kansas,Buyout,5/16/2018,1000.0046,Aerospace,397.0063644980441,80.00758023838964,11.5
73596,Medallion Capital,"QDx Pathology Services, Inc.",New Jersey,Buyout,2/2/2018,8.10987,Healthcare,862.4195924595899,14.00096998141784,34.2364605317784
72785,Mendota Group,"Driv-Lok, Inc.",Illinois,Buyout,7/27/2018,1440.5083,Manufacturing,746.8545290244526,14.00579187191728,111.708694964872
68373,Mentha Capital,OFYR USA,Maryland,Buyout,4/30/2018,1428.3724,Consumer Products,3755.999517080387,14.00678762245629,13.90290187666884
65510,Mercer Advisors Inc.,"Pinnacle Investment Management, Inc.",Connecticut,Buyout,1/9/2018,687.03143,Financial Services,862.4107411688512,14.00293602758724,4.59466688084212
79005,Mercury Capital,Messagemedia,Victoria,Buyout,8/17/2018,32.352341,Telecom Media,862.4176140082038,14.00512858910191,4.591611301347435
66853,"Mid-Atlantic Lubes, Inc.","Team Car Care, LLC",Texas,Buyout,3/6/2018,205.00677,Transportation,2200.003184503369,14.00605936964679,325.0061369940191
76189,MiddleGround Capital,"Alco Manufacturing Corporation, LLC",Ohio,Buyout,7/9/2018,98.5,Manufacturing,93,12.8,52.7
65409,MidOcean Partners,BH Cosmetics,California,Buyout,1/4/2018,3996.5583,Consumer Products,301.1531949160809,14.0095880884834,754.9571596917298
75468,MidOcean Partners,"Meyers Research, LLC",California,Buyout,12/12/2018,3996.553,Software,301.1479095834612,14.00998929386664,754.9577558359664
72588,MidOcean Partners,"Florida Food Products, LLC",Florida,Buyout,9/9/2018,400.0065,Food,89.6044492325088,34.60346667458435,6.002742926171775
75466,MidOcean Partners,"Hanley Wood Media, Inc.",DC,Buyout,12/12/2018,12.328734,Digital Media,862.4195286090455,14.00373583693694,4.589334707295344
72627,MidOcean Partners,Questex LLC,Massachusetts,Buyout,9/12/2018,263.17993,Information Services,862.4173451963782,14.00126721918754,39.12884637139219
73679,Midwest Mezzanine Funds,"Peltram Plumbing, Inc.",Washington,Buyout,7/24/2018,500.00107,Utilities,862.4148446911915,14.00686360301155,856.0021987766336
68593,Midwest Mezzanine Funds,"Connecticut Electric, Inc.",Indiana,Buyout,3/8/2018,62.942341,Manufacturing,862.4100332145501,14.00155647866599,4.595528375644059
69555,Milestone Partners,mTAB LLC,California,Buyout,5/31/2018,3996.554,Software,301.1511714063773,14.00592644290704,546.6936457851966
69661,Milestone Partners,RedZone Robotics,Pennsylvania,Buyout,6/4/2018,989.62665,Technology,783.002601095979,14.0028960033011,21
70482,Mill Point Capital,Affinion Insurance Solutions,Tennessee,Buyout,7/3/2018,6700.0107,Insurance,1800.001188748302,14.00494965316433,25.20482789548058
65514,Millpond Equity Partners,"BrandRep, Inc.",California,Buyout,1/9/2018,3996.5527,Marketing,301.1519750758263,14.00506339419339,754.9559477849465
74282,Millpond Equity Partners,Innovative Learning Concepts Inc.,Colorado,Buyout,11/2/2018,4.2531786,Education / Training,862.4113725357658,14.00997599085498,80.00295430840444
70055,Millstone Capital Advisors,Native Foods Cafe,Illinois,Buyout,6/21/2018,1440.5067,Restaurants,746.8545052049465,14.00751618819017,111.7000281739811
81406,Milton Street Capital,Zxp Technologies,Texas,Buyout,3/1/2018,205.0024,Logistics,2200.006489159964,14.00534291390035,325.0094252761006
66519,Mirae Asset Global Investments,Global X Management Company LLC,New York,Buyout,2/12/2018,488,Financial Services,58.5,28,28.1760972266485
69446,"MLB Advanced Media, LP. ","Rawlings Sporting Goods Company, Inc. ",Missouri,Buyout,6/5/2018,395,Manufacturing,330,14.00365927057977,187.5048724960697
75828,Momentum Invest,Alberta Biodiversity Monitoring Institute,Alberta,Buyout,12/20/2018,12.32,Business Services,862.4186865146241,14.00415547668639,4.595722342196674
70632,Monomoy Capital Partners,"Edsal Manufacturing Company, Inc.",Illinois,Buyout,7/10/2018,1440.51,Manufacturing,746.8548011708788,14.00144813325427,111.7053306621884
70215,Monroe Capital,"Valudor Products, Inc.",California,Buyout,6/27/2018,49.299999,Chemicals,301.1486937832043,14.00227109586525,49.3
67416,Morgan Stanley Energy Partners,Specialized Desanders Inc.,Alberta,Buyout,3/20/2018,12.323776,Oil & Gas,862.4140464541472,14.00076760781634,4.594059066667975
69408,Morgan Stanley Energy Partners,Presidio Petroleum LLC,Texas,Buyout,6/1/2018,205.00484,Business Services,2200.006950760685,14.00045709584778,325.0095534195676
72911,MPG Equity Partners,"MedService Repair, Inc.",Illinois,Buyout,8/31/2018,1440.5056,Medical Instruments,746.8454856887126,14.00860861839432,111.706522857995
65808,MSD Capital,Bank Leumi USA,New York,Buyout,1/22/2018,141,Financial Services,2550.006754210816,358.0068349346618,28.17390018593791
75415,MSD Partners,"Endries International, Inc.",Wisconsin,Buyout,12/11/2018,3632.5334,Distribution,2437.953949165526,14.00931216368157,842.5604822645683
67423,Narrow Gauge Capital,Class Appraisal LLC,Michigan,Buyout,3/26/2018,12.328811,Financial Services,862.4179750698588,14.00444426119033,11.70706897762249
73100,Nautic Partners,"Mikart, LLC",Georgia,Buyout,9/4/2018,1795.4086,Pharmaceuticals,105.004012814546,47.00584628257835,40.32730238975267
79043,Nautic Partners,"Urogpo, LLC",Ohio,Buyout,2/15/2018,147.5,Pharmaceuticals,93.00729575584998,12.80128257684366,52.70347468244611
74948,NCK Capital,"City Wide Building Services, LLC",Texas,Buyout,11/2/2018,205.00511,Business Services,2200.002464590087,14.00503061536405,36.95838831630668
72994,NCK Capital,"Tricoci University of Beauty Culture, LLC",Illinois,Buyout,9/24/2018,1440.5012,Education / Training,746.8506912424943,14.00887574406046,12.7
73568,Neuberger Berman,Bardin Hill Investment Partners LP,New York,Buyout,10/10/2018,3100.0063,Financial Services,2550.003334256952,358.0055277191202,28.17513155410337
74212,Neuberger Berman,Neuberger Berman’s Insurance-Linked Strategies,New York,Buyout,11/1/2018,3100.0034,Financial Services,2550.005731395112,358.0031833753089,28.17131132198768
69439,New Capital Partners,Collect Rx Inc,Maryland,Buyout,6/4/2018,1428.38,Financial Services,3756.000393786917,14.0030093419988,13.90078413004282
72146,New Enterprise Associates,Paladina Health LLC,Colorado,Buyout,6/6/2018,100,Healthcare,862.4192606247,14.00558517651338,80.00256596691426
78988,New Harbor Capital,Fyzical,Florida,Buyout,1/17/2018,11.949443,Healthcare,89.60565451106932,34.60575965106619,6.005547154742088
67830,New Harbor Capital,"Blueprint Test Preparation, LLC",California,Buyout,4/13/2018,3996.554,Education / Training,301.1518774308453,14.00619454646188,754.9518021212492
67831,New Harbor Capital,Next Step Test Preparation LLC,Illinois,Buyout,4/13/2018,1440.5087,Education / Training,746.8498603751666,14.00194334307857,111.7032365582336
84026,New Horizon Capital (Japan),"ReachLocal, Inc.",California,Buyout,7/31/2018,3996.5566,Internet,301.1493253818436,14.00466457811821,754.9480432560061
71173,New Mountain Capital,"Beeline.com, Inc.",Florida,Buyout,7/26/2018,400.00803,Software,89.60048493462791,34.60192042520868,6.007836566353943
71969,New Water Capital,Trillium Health Care Products Inc.,Ontario,Buyout,8/21/2018,2.1651616,Pharmaceuticals,862.4100578818709,14.00134196632247,12.80142781688361
80700,NewPort Capital,"Xevo, Inc.",Washington,Buyout,10/22/2018,500.00867,Software,862.4134926839236,14.00139132711742,856.0093737379025
79034,NexPhase Capital,Synergy Homecare,Arizona,Buyout,4/18/2018,4.4804587,Healthcare,862.4186914059303,14.0068254872382,35.46944233799262
73526,NextGen Growth Partners,Condata Global Inc.,Illinois,Buyout,10/10/2018,1440.5082,Financial Services,746.8470233922142,14.00868696776855,111.7000711255669
79051,North Castle Partners,Windham-Mountain-Resort,New York,Buyout,12/31/2018,3100.0054,Leisure,2550.005806418267,358.001493859301,28.17282966463166
73297,North Hudson Resource Partners,"Winright Resources, LLC",Texas,Buyout,10/3/2018,67,Oil & Gas,2200.005916902754,14.0031460187089,325.0088790321275
66859,Northern Pacific Group,Pipeworks Inc.,Oregon,Buyout,2/23/2018,12.320113,Gaming,862.419787195415,14.00445423053283,507.032680900947
75834,Northill Capital,"Strategic Investment Management, LLC",Virginia,Buyout,12/20/2018,3633.2339,Financial Services,20.00662227726488,14.00583208689171,4.590522316571147
65951,Novacap,Horizon Telcom,Ohio,Buyout,1/25/2018,220,Telecoms,93.0061091056036,12.80593696327371,145
66416,Novacap,"Mailhot Industries, Inc.",Quebec,Buyout,2/15/2018,2233.5063,Manufacturing,862.4190528168313,14.00759700091261,12.62573950419971
69974,Novacap,Noble Foods Inc.,Quebec,Buyout,6/20/2018,2233.5103,Food,862.4127680788717,14.00920735915828,12.62738079446205
74135,NovaQuest Capital Management,"Catalyst Clinical Research, LLC",North Carolina,Buyout,10/31/2018,71181.352,Business Services,862.4146750000275,14.0054451302782,4.588287797810332
68787,NovaQuest Capital Management,"Clinical Ink, Inc.",North Carolina,Buyout,5/14/2018,71181.352,Healthcare IT,862.4133239576097,14.00338579445783,4.593021490432144
67385,NovaQuest Capital Management,"CutisPharma, Inc.",Massachusetts,Buyout,3/26/2018,69.900002,Pharmaceuticals,862.4188087115965,14.00853651633192,39.1267267445423
80715,NovAx,STC Holdings,South Carolina,Buyout,6/1/2018,1300.0066,Environmental Services,556.0099175455116,14.00491891719106,13.75107951603215
65490,Oak Hill Capital Partners,"Safe Fleet Holdings, LLC",Missouri,Buyout,1/9/2018,395.00269,Transportation,330.0016164685412,14.00572384299416,187.508702223019
73953,Oaktree Capital Management,"MWH Constructors, Inc.",Colorado,Buyout,10/19/2018,102.6,Construction,862.4165983962796,14.00066295800902,37.19571223619169
73837,Ocean Avenue Capital Partners,"LJP Enterprises, Inc.",Minnesota,Buyout,10/22/2018,2474.0664,Clean Technology,154.1874757707888,14.00079324229559,252.5059571571877
76349,Odyssey Investment Partners,"Barcodes, Inc.",Illinois,Buyout,12/1/2018,1440.5004,Technology,746.8519653793207,14.00090105970561,155.5
72364,Odyssey Private Equity,SourceHub Pty Ltd,Queensland,Buyout,1/1/2018,51.786919,Consumer Products,862.4163050953268,14.00164810241371,4.589350654331789
72549,Odyssey Private Equity,Mine Site Technologies Pty Limited,New South Wales,Buyout,3/22/2018,77.169998,Mining,50.00803931251274,14.00573258997578,4.589681785141871
79978,Odyssey Private Equity,Companion Brands,Victoria,Buyout,7/2/2018,269.71411,Distribution,2437.948921201514,14.00239237385507,4.59566871757415
72046,Ogdon Ventures,"AiA Industries, Inc.",Colorado,Buyout,8/23/2018,4.2549987,Materials,862.4155119307309,14.00034464158638,80.0004064826887
81319,Old Ironsides Energy,Cavalcade Midstream,Texas,Buyout,12/12/2018,150,Infrastructure,2200.002063255716,14.00340021668639,325.0094442527294
71111,Olympus Partners,Rise Baking Company,Minnesota,Buyout,7/20/2018,2474.0598,Food,154.1945800720756,14.00767576519105,252.5
70262,OMERS Private Equity,Premise Health Inc.,Tennessee,Buyout,6/28/2018,200.00531,Healthcare,1800.005257997564,14.00338611902374,400
75828,Omnes Capital,Alberta Biodiversity Monitoring Institute,Alberta,Buyout,12/20/2018,12.32,Business Services,862.4189781955413,14.00419748166281,4.591043096322388
71516,ONCAP,Precision Valve Corporation,South Carolina,Buyout,8/7/2018,111,Manufacturing,556.0067007103071,14.00917277915109,13.754795048864
74533,ONCAP,Autosource Motors LLC,Utah,Buyout,5/2/2018,41,Transportation,862.4124632297519,14.00115946050904,4.587822823606253
72933,ONCAP,Walter Surface Technologies Inc.,Connecticut,Buyout,9/20/2018,58.661873,Manufacturing,862.4104262124076,14.00899336171973,4.58851584424992
67734,One Equity Partners,"ePAK International, Inc.",Texas,Buyout,4/11/2018,205.00142,Logistics,2200.000476784744,14.001591399188,1708.899744108475
69586,One Equity Partners,Rizing LLC,Connecticut,Buyout,1/23/2018,687.03027,Business Services,862.4138703124102,14.00733684712726,24.11817543722016
80687,One Equity Partners,"PS Logistics, LLC",Alabama,Buyout,3/31/2018,12.327045,Transportation,862.4157791946984,14.00221322511028,24.11615641040869
68457,One Equity Partners,"OMNI Environmental Solutions, Inc.",Louisiana,Buyout,5/3/2018,12.320212,Environmental Services,862.4104583910287,14.00161150772296,326.0068234986513
73826,One Equity Partners,"Orion Systems Integrators, LLC.",New Jersey,Buyout,10/22/2018,271.40231,Software,862.41552357366,14.00898522941101,180
66071,One Equity Partners,MediaKind,California,Buyout,1/31/2018,3996.5518,Telecoms,301.1563127684595,14.00224256735932,3969.619869278599
65416,One Rock Capital Partners,Robertshaw Controls Company,Illinois,Buyout,1/5/2018,1440.5051,Manufacturing,746.8456972647707,14.00281131674241,111.705048346651
73748,Onex,"Ryan, LLC",Texas,Buyout,10/17/2018,317,Financial Services,2200.006721834611,14.00350274366032,325.0090865559429
67845,Onex,PowerSchool Group LLC,California,Buyout,4/16/2018,6180.042,Software,301.1569682165238,14.00070763518274,754.9510884878758
68593,Onward Capital,"Connecticut Electric, Inc.",Indiana,Buyout,3/8/2018,62.938957,Manufacturing,862.4124278541624,14.00652024905834,4.589330917510957
73303,Onward Capital,FSC Lighting Inc.,California,Buyout,9/10/2018,3996.5532,Manufacturing,301.1503852807174,14.00602068856064,754.949664236868
65693,OpenGate Capital,"Mersive Technologies, Inc.",Colorado,Buyout,1/16/2018,4.2579145,Software,862.4169973702139,14.00618438247297,80.004681278481
83434,Operand Group,Retina Macula,Florida,Buyout,6/1/2018,11.950071,Healthcare,89.60222707216572,34.60831889057664,6.000994855585303
81370,Operand Group,Craftsman Cutting Dies,California,Buyout,6/1/2018,3996.554,Logistics,301.1569964858892,14.00536623235497,754.9573299300458
83361,Operand Group,Paragon,California,Buyout,6/1/2018,3996.5579,Business Services,301.1550342767688,14.00181773746557,754.9552004828651
71559,Optimal Investment Group,"USA Dawgs, Inc.",Nevada,Buyout,8/7/2018,19.776327,Retail,862.4100849478257,14.00595219351057,12.30481279083431
68019,OptumHealth,"Sound Inpatient Physicians, Inc.",Washington,Buyout,4/21/2018,2271.0901,Business Services,862.4173759342141,14.00867155531127,856.004153044832
66159,Orangewood Partners,24 Taco Bell Stores,Kentucky,Buyout,2/5/2018,1092.1849,Restaurants,1700.008618683308,136.0012751323286,4.595257223870427
75071,ORIX Capital Partners,NTI Connect LLC,Illinois,Buyout,12/3/2018,1440.5072,Telecoms,746.8492232518054,14.00681361660067,111.7
70312,ORIX Capital Partners,"Peak Utility Services Group, Inc.",Colorado,Buyout,6/28/2018,4.2556648,Infrastructure,862.4137542791634,14.00038825516062,80.00173129024435
73303,ORIX Mezzanine & Private Equity,FSC Lighting Inc.,California,Buyout,9/10/2018,3996.5579,Manufacturing,301.1565306914227,14.00106471997391,754.9551437513504
73519,ORIX Mezzanine & Private Equity,"Eegee's, Inc.",Arizona,Buyout,10/5/2018,150.00665,Restaurants,862.4157814331322,14.00892677308697,35.47479520177261
78420,Osceola Capital Management,Deegit Inc.,Illinois,Buyout,7/5/2018,1440.5066,Business Services,746.8473688439715,14.00665225378874,111.7026150808588
78417,Osceola Capital Management,Bull's Eye Inc.,Pennsylvania,Buyout,5/25/2018,989.62811,Outsourcing,783.0073869708375,14.00345653562512,29.00076553837329
78421,Osceola Capital Management,Mercom Group,New Jersey,Buyout,7/5/2018,271.40561,Business Services,862.4129360163554,14.00936417432207,34.23837867443985
65411,P4G Capital Management,Unique Elevator Interiors Inc,California,Buyout,1/4/2018,3996.5588,Industrial,301.1481940700861,14.00964663048912,754.9517884701557
76997,Pacific Avenue Capital Partners,"Cameron Ashley Building Products, Inc.",South Carolina,Buyout,4/20/2018,9444.5879,Distribution,1571.763524600444,14.00592964246574,13.75047604647781
79047,Pacific Current Group,"Victory Park Capital Advisors, LLC",Illinois,Buyout,7/3/2018,1440.5094,Financial Services,746.850034071949,14.00957143177915,111.7011782101973
74291,Palladin Consumer Retail Partners,"Splash Car Wash, Inc.",Connecticut,Buyout,11/5/2018,687.03009,Consumer Services,862.4178629572473,14.00977113621015,4.590726046178312
73573,Palladium Equity Partners,Kymera International,North Carolina,Buyout,10/11/2018,46899.988,Materials,862.410772004476,14.00935864133466,4.596333680961103
75829,Palladium Equity Partners,"Quirch Foods, Co.",Florida,Buyout,12/20/2018,400.01001,Food,89.60906701155882,34.60271973432174,6.007198735187556
78972,Palo Duro Capital,Crowley Chemical Company,New York,Buyout,9/13/2018,3100.0076,Chemicals,2550.000481773707,358.0014808671182,28.17248034928265
66767,Pamplona Capital Management,Cofense,Virginia,Buyout,2/26/2018,3633.2332,Software,20.00263859896867,14.0021007329848,4.591249230604441
75764,Pamplona Capital Management,"Latham Pool Products, Inc.",New York,Buyout,12/19/2018,3099.9988,Manufacturing,2550.003564614934,358.0044249689306,28.17357300486686
77247,Pamplona Capital Management,"GetWellNetwork, Inc.",Maryland,Buyout,2/1/2018,1428.377,Healthcare IT,3756.007396085637,14.00344576697502,13.90016002796816
68362,ParkerGale,"Rippe & Kingston, LLC",Ohio,Buyout,5/2/2018,98.508415,Financial Services,93.00201146602055,12.80187076828399,52.70526518897852
67697,ParkerGale,"CultureIQ, Inc.",New York,Buyout,4/10/2018,3100.0037,Software,2550.000497978254,358.0039432686387,28.1744442669143
84374,Parthenon Capital Partners,"NXGEN Payment Services, Inc.",Montana,Buyout,12/1/2018,12.327002,Internet,862.4119765012495,14.00831448903013,4.586916759809534
67203,Parthenon Capital Partners,"Mid Atlantic Capital Group, Inc.",Pennsylvania,Buyout,3/14/2018,989.63043,Financial Services,783.0073286123023,14.00078012700364,29.00746392302148
67828,Partners Group,Hearthside Food Solutions LLC,Illinois,Buyout,4/17/2018,2400,Food,1240,14.00528199562508,1295
68900,Partners Group,"GlobalLogic, Inc.",California,Buyout,5/21/2018,6658.6147,IT,500,14.00848779605407,8752.535813713108
75102,Patriot Capital,Orion Novotus,Texas,Buyout,12/4/2018,205.00925,Business Services,2200.010062776465,14.00116945360027,325.009576266773
80264,Patriot Financial Partners,Community Trust Financial Corporation,Louisiana,Buyout,9/5/2018,12.327779,Business Services,862.4133226933393,14.00365125328939,62.00705280483808
73649,PD Deals Profile,"BeneSys, Inc.",Michigan,Buyout,10/5/2018,12.321733,Financial Services,862.4179351319528,14.00105646857232,11.70860693112592
71654,Peak Rock Capital,"TNT Crust, LLC",Wisconsin,Buyout,8/10/2018,500.00848,Food,862.4117123575618,14.00929065478671,842.5640817795203
73496,Peak Rock Capital,Louisiana Fish Fry Products,Louisiana,Buyout,10/9/2018,12.321784,Food,862.418974640683,14.00660438846502,62.00377273935001
80711,Pearl Energy Investments,Crossing Rocks Energy Partners LLC,Texas,Buyout,7/1/2018,205.00784,Oil & Gas,2200.007941707462,14.00809906853068,325.0045524245612
81374,Peninsula Capital Advisors,Azimuth,Ohio,Buyout,6/1/2018,98.505455,Business Services,93.00376582862233,12.80453426015985,52.7017161536892
71214,PennSpring Capital,"PSST, LLC",Kentucky,Buyout,7/20/2018,1092.1865,Software,1700.000610535601,136.0020849432678,4.591486920889289
80073,Periscope Equity,Sentrics,Texas,Buyout,8/22/2018,205.00526,Healthcare IT,2200.00623159898,14.00986433179754,325.0075628540031
72292,Permira,Evonik Jayhawk Fine Chemicals Corporation,Kansas,Buyout,8/30/2018,15037.778,Chemicals,397.0059013736795,80.00127311318167,11.5088661770516
65863,Permira,I-MED Network Ltd.,New South Wales,Buyout,1/22/2018,1011.02,Medical Instruments,50.0095142704259,14.00332947016399,4.594645485568614
73853,"Pfizer, Inc.","Cerevel Therapeutics, LLC",Massachusetts,Buyout,10/23/2018,350,Pharmaceuticals,862.4178906221844,14.00569118849639,39.13291092480945
67589,PH Vitres d'Autos Inc.,Clairus Group,Quebec,Buyout,4/4/2018,1000.0046,Transportation,862.4195591377995,14.00845026654828,4.586814124365625
67297,Pharos Capital Group,"Verdi Oncology, Inc.",Tennessee,Buyout,3/19/2018,6700.0054,Medical Technologies,1800.002895753732,14.00374431593049,25.20828873906229
80724,Phoenix Partners,Alcor Commercial Realty Inc.,British Columbia,Buyout,5/1/2018,10.506272,Financial Services,862.413075479117,14.00775408569429,523.7058728452675
82763,Phoenix Partners,Alcor Matériaux De Toiture,Quebec,Buyout,5/1/2018,1000.0096,Manufacturing,862.415748784688,14.00442125845406,4.594405317965717
75725,Pike Street Capital,"US BioTek Laboratories, Inc.",Washington,Buyout,12/18/2018,500.00955,Medical Instruments,862.4146172226376,14.00460995604921,856.0030148953042
71910,Pine Brook Partners,"Ancova Energy, LLC",Oklahoma,Buyout,3/1/2018,166.00089,Oil & Gas,862.4128574744302,14.00114053626716,390.3229884003729
82394,PineBridge Investments,Penn Foster,Pennsylvania,Buyout,5/1/2018,989.62732,Education / Training,783.0095667229415,14.00895872955847,29.00376045058414
68346,Pinewell Capital,"Avon Engineered Fabrications, Inc.",Mississippi,Buyout,5/1/2018,326.19763,Industrial,104.0018229331295,14.00009805663252,4.590671610373826
79016,Pinnacle Investment Management,Omega Global Investors,Victoria,Buyout,7/24/2018,32.348568,Financial Services,862.4133417940668,14.00090041296029,4.586463306424045
66166,Platinum Equity,"WS Packaging Group, Inc.",Wisconsin,Buyout,2/5/2018,262.73138,Logistics,4295.629797950287,14.00203281209509,842.5654792201959
68236,Platinum Equity,Pitney Bowes’ DMT production mail business and software,Connecticut,Buyout,4/30/2018,361,IT,4295.632483216368,14.00602221918929,4.595232194576234
70415,Platinum Equity,"Plasticard-Locktech International, LLP",Nevada,Buyout,7/2/2018,6.4821973,Manufacturing,4295.628935632196,14.00319616088349,12.30554582598523
71251,Platinum Equity,"Yak Access, LLC",Mississippi,Buyout,7/30/2018,171.40611,Construction,518.0223376231697,14.008484311045,2.142288631689341
74110,Platinum Equity,"Jostens, Inc.",Minnesota,Buyout,11/7/2018,1300,Consumer Products,768,14.00131327588282,252.5073731577253
67094,Platinum Equity,LifeScan Inc,California,Buyout,6/12/2018,2100,Medical Technologies,1500,14.0065159649745,754.9557232668225
66677,Platinum Equity,GenOn's Hunterstown Power Generation Facility,Pennsylvania,Buyout,2/27/2018,520,Energy,3900.093980839555,14.00373703322079,29.00502629794113
66651,Platinum Equity,American & Efird LLC,North Carolina,Buyout,2/26/2018,24643.738,Manufacturing,4295.635576389164,14.00321202549789,4.592698445364655
74131,Platinum Equity,Innovative Water Care,Georgia,Buyout,11/1/2018,630,Utilities,523,47,40.32955834686067
73840,PNC Erieview Capital,"Southern Aluminum Manufacturing, Inc.",Arkansas,Buyout,3/30/2018,12.324929,Manufacturing,862.4137213345587,14.00929215235341,41.00261092460731
73505,PNC Erieview Capital,Structural Concepts Corporation,Michigan,Buyout,10/9/2018,12.324101,Manufacturing,862.4171851215854,14.00448518164161,11.70289818917046
71787,PNC Erieview Capital,The Recreational Group,Georgia,Buyout,8/14/2018,1198.974,Construction,105.0074316969234,47.00733342964137,18.7505060597056
83807,PNC Riverarch Capital,"Reagents, Inc.",North Carolina,Buyout,11/1/2018,46899.992,Manufacturing,862.4168685850657,14.00282056174878,.5313275807247932
67505,PNC Riverarch Capital,The Tranzonic Companies,Ohio,Buyout,4/2/2018,98.503929,Industrial,93.00526476529782,12.8024571595942,6.1
66754,Pohlad Companies,"B&B Roadway and Security Solutions, LLC",Texas,Buyout,2/27/2018,205.00656,Defence,2200.000873314874,14.00921896436888,10.5
70490,Polar Star Capital Partners,"Meridian Restaurants Unlimited, L.C.",Utah,Buyout,6/13/2018,480.18576,Restaurants,862.4157495488382,14.00040650652194,4.595664185758502
73011,Post Capital Partners,"Smith Transportation Services, Inc.",Florida,Buyout,9/25/2018,400.00311,Transportation,89.601711311079,34.60846477201341,6.008958582813646
76825,Post Oak Energy Capital,"Saxet III Minerals, LLC",Texas,Buyout,8/20/2018,100,Business Services,2200.006776770535,14.00911822320599,325.0078908877
72590,Presidio Investors,ElevATE Semiconductors Inc.,California,Buyout,9/10/2018,3996.5559,Semiconductors,301.151807334386,14.00338434694972,754.9545156427261
78978,Preston Hollow Capital,El Centro Regional Medical Center,California,Buyout,4/25/2018,125,Healthcare,301.148533487106,14.00224799696993,754.9506185415734
67527,Pritzker Private Capital,"C.H. Guenther & Son, Inc.",Texas,Buyout,3/30/2018,1400,Food,2200.004117959836,14.00603680882308,325.0081005228236
77037,Pritzker Private Capital,"KabaFusion, LLC",California,Buyout,12/31/2018,4776.375,Pharmaceuticals,301.1564689559119,14.00068542162593,754.9560574975397
74428,Pritzker Private Capital,"Plaskolite, Inc.",Ohio,Buyout,11/9/2018,672.68512,Manufacturing,93.0033880730102,12.80746175951746,52.70751076835906
75216,Private Equity Firm not Known,"Blue Ridge Mountain Rentals, Inc.",North Carolina,Buyout,2/1/2018,46899.984,Leisure,862.41862056581,14.00901599378962,4.591063381459386
75219,Private Equity Firm not Known,Securit Metal Products Co.,Michigan,Buyout,3/1/2018,12.320422,Manufacturing,862.4188322051398,14.00617499753538,11.70380081071163
76197,Private Equity Firm not Known,American Alloy,Washington,Buyout,11/1/2018,500.00183,Manufacturing,862.41946705328,14.00932289717424,856.0014770086232
66928,Progressio SGR,Save the Duck,New York,Buyout,3/7/2018,79.93,Retail,2550.000475350084,358.0046508994052,28.28
65942,Promus Equity Partners,Event Network Inc,California,Buyout,1/24/2018,6413.3872,Retail,301.153183480371,14.00612487561706,754.9542851874206
65397,Prospect Hill Growth Partners,"Honors Holdings, LLC",Georgia,Buyout,1/4/2018,1198.9713,Leisure,105.0065870031807,47.00073309416818,40.32985159053709
73096,Prospect Hill Growth Partners,"Walker Edison Furniture Company, LLC",Utah,Buyout,9/27/2018,480.18216,Manufacturing,862.419598886647,14.00104528711348,4.590226433992208
68539,ProspEquity Partners,"Tierra Nueva Fine Cocoa, LLC",Florida,Buyout,5/8/2018,400.00531,Food,89.6003430736816,34.60291620333811,6.003634598619099
81343,Provariant Equity Partners,Certegy Payment Solutions,Florida,Buyout,8/31/2018,400.0062,Financial Services,89.60264152747523,34.6085787435448,6.006082540890928
67146,Providence Equity Partners,"Vistage Worldwide, Inc.",California,Buyout,2/8/2018,3996.5515,Business Services,301.1548882663438,14.00695171637166,260
75549,Proviso Capital,"Algiere Construction Services, Inc.",Texas,Buyout,11/1/2018,205.0081,Business Services,2200.003913554554,14.00470398237634,325.0020912405122
69167,Prudential Capital Group,"Iconic Group, Inc.",Georgia,Buyout,5/15/2018,1198.9674,Consumer Services,105.0029887653049,47.00213120469758,83
78957,PT Capital,Alpine Air Alaska,Alaska,Buyout,5/24/2018,12.32948,Transportation,862.4136993893392,14.00989887920845,4.592321650411756
71522,Public Sector Pension Investment Board,"United Talent Agency, LLC",California,Buyout,8/7/2018,800,Business Services,301.1483736841429,14.00901389924515,754.9556267343063
66786,Quad Partners,Process Pathways Inc.,Alberta,Buyout,3/1/2018,12.325862,Software,862.4171467836916,14.00496505956802,4.593669644843609
72757,Quad-C,NJRetina,New Jersey,Buyout,9/13/2018,8.1051254,Healthcare,862.410812980341,14.00514768819961,151
71520,Quadrant Private Equity,Junior Adventures Group Pty Ltd,Victoria,Buyout,6/7/2018,75.860001,Education / Training,862.4190927836082,14.00620790861252,4.593535643823267
65721,Quadrant Private Equity,Darrell Lea Confectionery Co. Pty. Ltd.,New South Wales,Buyout,1/15/2018,157.69,Food,50.00021876435774,14.00581100640524,4.587782955083818
81334,Quantum Energy Partners,Trace Midstream,Texas,Buyout,10/3/2018,200,Oil & Gas,2200.00519673429,14.00565757333938,325.0070730602853
78970,Quantum Energy Partners,Connectgen,Texas,Buyout,7/26/2018,200.00287,Clean Technology,2200.007638737052,14.00076906143626,325.0036356878951
80265,Quantum Energy Partners,"Premium Oilfield Technologies, LLC",Texas,Buyout,1/30/2018,200.00188,Manufacturing,2200.007101480808,14.00080532742835,325.009777388677
72639,Queens Lane Capital,Signorino Tile Gallery Pty Ltd,Victoria,Buyout,8/8/2018,51.903286,Retail,862.4125712382577,14.00200511595871,4.595334084991188
72641,Queens Lane Capital,Multiform Industries Pty Ltd,Victoria,Buyout,8/8/2018,32.344093,Construction,862.4167059863887,14.0030859952018,2.137825959757508
72640,Queens Lane Capital,Dellermay Stone & Tiling Pty Ltd,Victoria,Buyout,8/8/2018,32.348999,Construction,862.4138377335823,14.00536393431652,2.136290150158645
72631,Rabin Worldwide,Bellisio Foods’ assets,Minnesota,Buyout,9/11/2018,2474.0608,Food,154.1942353611853,14.0099610282265,252.5047474371498
78997,RedBird Capital,Lambda,New York,Buyout,7/16/2018,3100.0027,Oil & Gas,2550.00115828951,358.0030399970344,28.17560616633194
66316,Regimen Partners,Radial Engineering Ltd,British Columbia,Buyout,2/5/2018,10.50624,Electronics,862.416353820727,14.00676751147661,689.9927341728014
69667,Renovo Capital,"Rochester Gauges, Inc.",Texas,Buyout,6/12/2018,1489.3474,Distribution,6219.193215171184,14.00198851303834,325.006588006068
69146,Renovus Capital Partners,Great Lakes Institute of Technology,Pennsylvania,Buyout,5/14/2018,989.62604,Education / Training,783.0076997797386,14.00721632979516,29.00342668692514
79002,Resource Capital Funds,Liberty Gold Corp,British Columbia,Buyout,1/8/2018,10.5,Mining,862.4167672147944,14.00338840588633,523.7060011647545
68796,Resurgens Technology Partners,"Assurance Software, Inc.",Pennsylvania,Buyout,5/16/2018,989.62329,Software,783.0006099298861,14.00502259481404,29.00162284071024
69239,Revelstoke Capital Partners,"CEI Vision Partners, LLC",Ohio,Buyout,5/29/2018,2.9465308,Healthcare,93.0092917109782,12.80047971150445,52.70395981512731
67589,Ridgemont Equity Partners,Clairus Group,Quebec,Buyout,4/4/2018,1000.0049,Transportation,862.4122387027803,14.0009401012136,.0606236473286933
83345,Ridgemont Equity Partners,Ophthalmic Specialists Of Michigan,North Carolina,Buyout,6/1/2018,1400.0054,Healthcare,862.4105229079926,14.00111947615336,.0683744716553426
71994,Ridgemont Equity Partners,"Amerit Fleet Solutions, Inc.",California,Buyout,3/30/2018,3996.5608,Outsourcing,301.1487514328866,14.00714711483273,9.800000000000001
75546,"Riordan, Lewis & Haden Equity Partners",Biorasis Inc.,Connecticut,Buyout,12/11/2018,687.0296,Medical Devices,862.4109444162661,14.00668099999133,4.595236906137139
82413,River Associates,Quikserv Corporation,Texas,Buyout,3/23/2018,205.00404,Manufacturing,2200.003913316369,14.00806162284393,9.479211482893811
68746,River Associates,"GAHH, LLC",California,Buyout,5/14/2018,3996.5559,Manufacturing,301.1515402171018,14.00284825951498,22
76376,RiverGlade Capital,Kids Care Dental & Orthodontics,California,Buyout,12/10/2018,119.3032,Healthcare,301.1561495392772,14.00099976569585,754.9562113240894
81376,Riveria Investment Group,Alphastaff,Florida,Buyout,6/1/2018,400.00842,Outsourcing,89.60044535970492,34.60210217897912,6.002892053267713
68833,Riverside Company,Clarus Glassboards LLC,Texas,Buyout,5/17/2018,205.00464,Manufacturing,2200.004762948915,14.00138723756358,105.5
74195,Riverside Company,JET Equipment & Tools Ltd.,British Columbia,Buyout,11/2/2018,76.283218,Distribution,2437.957828179463,14.00617868836675,170
70997,Riverside Company,Abracon LLC,Texas,Buyout,7/23/2018,205.00192,Electronics,2200.004058960784,14.00578004318926,139
65453,Riverstone Holdings,"Lucid Energy Group II, LLC",Texas,Buyout,1/8/2018,1600,Oil & Gas,2200.00134054835,14.00872404930819,325.0083350428864
83960,Riverwood Capital,"Independent Technologies, Inc.",Nebraska,Buyout,2/22/2018,190,Hardware,862.4108571218878,14.00812663754154,4.586659834060989
73434,RLJ Equity Partners,Crossfuze LLC,New York,Buyout,10/8/2018,3100.001,IT,2550.005449521487,358.0012566971924,28.17272632042217
71871,Roark Capital Group,Inspire Brands,Georgia,Buyout,2/5/2018,1198.9755,Restaurants,105.0047703737486,47.0085506850102,40.32215044039543
72539,Rockwave Capital,"Voice Comm, LLC",New Jersey,Buyout,9/10/2018,435.53046,Retail,862.4111612611653,14.00796990247149,34.23284078669571
83540,Roustan Capital,The Horkey News,Ontario,Buyout,1/26/2018,12.322896,Publishing,862.4105355601262,14.003152877434,12.8010273319948
69997,Roynat Equity Partners,"BriteSky Technologies, Inc.",Ontario,Buyout,6/20/2018,12.321976,IT Infrastructure,862.4120950870185,14.00235668417703,12.80757053443691
66983,Roynat Equity Partners,Kivuto Solutions Inc.,Ontario,Buyout,3/9/2018,12.324358,Software,862.4197635426156,14.00801897013265,12.80148025453551
74612,Roynat Equity Partners,Ansan Traffic Group Ltd.,British Columbia,Buyout,11/16/2018,10.505531,Construction,862.4131583281762,14.00667756527368,243.4863455139119
66252,RSE Ventures,Skout Secure Intelligence,New York,Buyout,2/5/2018,30,IT Security,2550.003710900099,358.003436742081,28.17406732248413
68787,RTI International,"Clinical Ink, Inc.",North Carolina,Buyout,5/14/2018,46899.992,Healthcare IT,862.4189470530457,14.0069902833708,4.588733479900108
67239,Runnymede Investments,Smuttynose Brewing Company,New Hampshire,Buyout,3/16/2018,12.322844,Beverages,862.4172087017416,14.00010129129772,8.005387412461049
72102,Sage Capital,Check Corporation,Michigan,Buyout,8/2/2018,12.326287,Electronics,862.4160502039797,14.00950740894008,15.41647861833036
75220,Sagewind Capital,"The Athene Group, LLC",Virginia,Buyout,12/6/2018,3633.2354,IT,20.00887985021754,14.00772469315383,4.590375528026194
75220,Salesforce Ventures,"The Athene Group, LLC",Virginia,Buyout,12/6/2018,3633.2295,IT,20.00768532098218,14.00373719131279,4.589013768646688
66902,Salt Creek Capital Management,Sound Building Supply Inc.,Washington,Buyout,3/7/2018,500.00995,Manufacturing,862.4137270498525,14.00541454890448,856.0010574163712
72789,Salt Creek Capital Management,"Drake Equipment of Arizona, Inc.",Arizona,Buyout,9/18/2018,150.00778,Transportation,862.4100387812307,14.00909515341449,35.47555603690238
71310,San Francisco Equity Partners,"Brazi Bites, LLC",Oregon,Buyout,7/31/2018,12.327026,Food,862.4150851516954,14.00655306327793,507.0323175733841
74563,Sandbox & Co,"Constructive Media, LLC",New York,Buyout,11/15/2018,3100.0024,Gaming,2550.000269680183,358.0056269180129,28.17043198281239
66700,Satori Capital,"Zorch International, Inc.",Illinois,Buyout,2/27/2018,1440.5096,Advertising,746.845564698511,14.00393751972992,111.7006024603534
65403,Saw Mill Capital,Climate Pros LLC,Illinois,Buyout,1/4/2018,1440.5079,Construction,746.8537396196059,14.00851241370368,51.93284369409854
65692,Saw Mill Capital,MeTEOR Education,Florida,Buyout,1/17/2018,400.00034,Education / Training,89.60789347433429,34.60899472342936,6.003586611059289
81347,SCF Partners,Frontier Tubular Solutions,Texas,Buyout,8/1/2018,205.00691,Oil & Gas,2200.001346168067,14.00167534453034,325.0066969093419
68431,Schroders,"A10 Capital, LLC",Idaho,Buyout,5/3/2018,12.320861,Financial Services,862.4115879774529,14.00104812578469,163.3773865453039
69446,Seidler Equity Partners,"Rawlings Sporting Goods Company, Inc. ",Missouri,Buyout,6/5/2018,395,Manufacturing,330,14.00907489156056,187.5010078965615
69557,Sentinel Capital Partners,"Good Sportsman Marketing, LLC",Texas,Buyout,6/7/2018,205.00372,Consumer Products,2200.003021455561,14.0061454778694,7.809124016192238
74926,Sentinel Capital Partners,"Apex Companies, LLC.",Maryland,Buyout,11/28/2018,1428.3773,Environmental Services,3756.000298911689,14.00923978222239,.3344094287409825
74035,Sentinel Capital Partners,"Holley Performance Products, Inc.",Kentucky,Buyout,10/29/2018,1092.1868,Transportation,1700.006155679687,136.0066460024448,.1103130930820992
67636,Sentinel Capital Partners,"UBEO, Inc.",Texas,Buyout,4/3/2018,205.00974,Computer Services,2200.008785593282,14.0011448446818,7.8
75537,Sentinel Capital Partners,"Pet Supplies Plus, L.L.C.",Michigan,Buyout,12/3/2018,19.775059,Retail,862.4116553694678,14.00465678807053,.2826912153969823
70771,Serent Capital,"Systems 2000, LLC",Florida,Buyout,3/8/2018,400.00278,Software,89.6059584463289,34.6021536408378,6.003032082971911
73643,Serent Capital,Real Green Systems,Michigan,Buyout,10/12/2018,12.325906,Software,862.4150807563185,14.00041166209088,11.70552489834482
77433,Serent Capital,"Senior Dental Care, LLC",Florida,Buyout,8/13/2018,11.949563,Healthcare,89.60898165025692,34.60944047117738,6.004266214138623
75431,Serruya Private Equity,"Global Franchise Group, LLC",Georgia,Buyout,11/19/2018,1198.9751,Restaurants,105.0051712871622,47.00089866329851,40.32005959286829
72539,Seven Shores,"Voice Comm, LLC",New Jersey,Buyout,9/10/2018,435.52692,Retail,862.4196845729805,14.00804720969576,34.23573056812933
73698,Shamrock Capital Advisors,Stargate's Music Publishing Catalogue,California,Buyout,10/16/2018,3996.5569,Entertainment,301.155278022513,14.00744154222015,754.9523715211611
71309,ShoreVest Capital,"HOP Energy, LLC",New York,Buyout,7/31/2018,3099.9995,Oil & Gas,2550.004039335662,358.0058762637997,28.17097333012419
69437,Siguler Guff,"Drew Foam Companies, Inc.",Arkansas,Buyout,6/4/2018,12.323193,Manufacturing,862.4153508664078,14.00529764417264,41.00049694849893
68435,Silver Lake,Weld North Education,New York,Buyout,1/4/2018,925,Education / Training,2550.009143513759,358.0045691851626,28.17605628943342
66958,Silver Lake,"Environmental Data Resources, Inc.",Connecticut,Buyout,3/13/2018,205,Information Services,862.4125040207493,14.0043421467923,4.587641817571417
75536,Silver Lake,"ServiceMax, Inc.",California,Buyout,12/13/2018,1192.5238,Software,301.1498564298919,14.00582276807803,754.954532292911
72653,SJL Partners,MPM Holdings Inc.,New York,Buyout,9/13/2018,3100,Chemicals,2550,358,28.17069404883581
69354,SK Capital Partners,"SI Group, Inc.",New York,Buyout,6/1/2018,3100.0022,Chemicals,2550.007208774929,358.0097329963098,28.17485726563531
73837,Skydeck,"LJP Enterprises, Inc.",Minnesota,Buyout,10/22/2018,2474.0605,Clean Technology,154.1883456935216,14.00437970051247,252.505892443773
73855,SkyKnight Capital,Vendor Credentialing Service LLC,Texas,Buyout,10/23/2018,205.00731,Software,2200.000608436838,14.00972926580984,325.0051293644607
80717,SkyLake Investment ,"Netflix, Inc.",California,Buyout,6/1/2018,3996.5547,Digital Media,301.155838878006,14.00969598965425,754.9547823497627
69891,Skyview Capital,"SchoolKidz, Inc.",Illinois,Buyout,3/16/2018,1440.5043,Education / Training,1240.009356665355,14.0033434635185,111.7025109820452
74546,Skyview Capital,Prynt Corp.,California,Buyout,11/13/2018,3996.5601,Hardware,500.008688377677,14.00132437154356,754.9540896501925
77886,Skyview Capital,"Continuum Global Solutions, LLC",California,Buyout,10/1/2018,3996.5593,Communications,500,14.00587391584817,754.9488076985648
68155,SNH Capital Partners,"Dealer Marketing Services, Inc.",Iowa,Buyout,4/26/2018,12.326669,Software,862.418735151083,14.00884991848547,4.59424745878932
72760,Snow Phipps Group,"BlackHawk Industrial Distribution, Inc.",Oklahoma,Buyout,9/17/2018,166,Industrial,862.4130289285879,14.0009339004679,166
65340,Solace Capital Partners,CST Industries Inc.,Missouri,Buyout,1/31/2018,92.199997,Manufacturing,330.0033217386854,14.00110061337877,41.7
72454,Solace Capital Partners,Fabcon Incorporated,Minnesota,Buyout,9/6/2018,577.49152,Construction,154.1972778299865,14.00282105534974,26.11662847016854
70231,Sole Source Capital,"Trade Supplies, Inc.",California,Buyout,6/27/2018,3996.5537,Consumer Products,301.1473940376119,14.00675517517779,754.9576539986368
66444,Sole Source Capital,"Premier Flow Control, LLC",Texas,Buyout,2/16/2018,205.0067,Oil & Gas,2200.010194378864,14.0091448292293,325.0036214924436
68409,Source Capital,"M&M Refrigeration, LLC",Maryland,Buyout,5/3/2018,1428.3729,Industrial,3756.001835945512,14.00249546264935,13.90658739995903
80718,South Texas Energy Partners,Fullstream Energy Holdings LLC,Texas,Buyout,6/1/2018,205.00763,Oil & Gas,2200.005976633593,14.00286456860307,325.0046613944247
70814,Southfield Capital,Match Marketing Group Inc.,Connecticut,Buyout,7/13/2018,687.03009,Marketing,862.4106294643918,14.00198438215706,4.588532739838407
65514,Southfield Mezzanine,"BrandRep, Inc.",California,Buyout,1/9/2018,3996.5574,Marketing,301.1559432587775,14.00542696995366,754.9579330675837
73427,Spell Capital Partners,"3P Processing, Inc.",Kansas,Buyout,5/16/2018,1000.0081,Aerospace,397.0023181568727,80.00065926275667,11.5
74787,Spell Capital Partners,Pearson's Candy Company,Minnesota,Buyout,11/20/2018,2474.0623,Food,154.1913263280917,14.00999583454508,252.5025440294525
72789,Spell Capital Partners,"Drake Equipment of Arizona, Inc.",Arizona,Buyout,9/18/2018,150.00912,Transportation,862.4158856006309,14.00752536497716,35.47387095631824
72595,Speyside Equity,"Block and Company, Inc.",Illinois,Buyout,7/6/2018,1440.5038,Computer Services,746.8475424979131,14.00567943986211,111.7006175882916
66848,Spice Private Equity,"Bravo Brio Restaurant Group, Inc.",Ohio,Buyout,3/8/2018,100,Restaurants,400.14,23.44,52.70444820208242
79013,Spotlight Equity Partners,Nicus,Massachusetts,Buyout,3/1/2018,263.17563,IT,862.4127610373746,14.00058544979369,39.12766545623022
66859,St. Cloud Capital,Pipeworks Inc.,Oregon,Buyout,2/23/2018,12.321647,Gaming,862.4168935100518,14.00315388815183,507.0307490496829
70861,Staple Street Capital,Dominion Voting Systems Corporation,Colorado,Buyout,7/17/2018,4.2539539,IT,862.4141959719329,14.00695585237521,80.00011666740713
73831,Stellex Capital Management,"Custom Glass Solutions, LLC",Ohio,Buyout,10/22/2018,19.220829,Manufacturing,93.00186261168571,12.80299532643941,52.70207050830825
67922,Stellex Capital Management,"Fenix Parts, Inc.",Texas,Buyout,2/28/2018,40,Clean Technology,2200.007715553935,14.00166235374458,325.0016415379029
73236,Stellex Capital Management,"Grammer Industries, Inc.",Indiana,Buyout,10/2/2018,12.284853,Transportation,862.4192354836471,14.00574742128778,4.594116006798864
66565,Stellus Capital Management,Fast Growing Trees Nursery,South Carolina,Buyout,2/5/2018,1300.009,Consumer Products,556.003101108975,14.00723755603362,20.5
80704,Stephens Capital Partners,"AVFX, LLC. ",Massachusetts,Buyout,8/26/2018,263.18353,Entertainment,862.4153077363937,14.00118967342827,39.12754663111123
69405,Sterling Partners,Academic Programs International,Texas,Buyout,5/29/2018,205.00146,Education / Training,2200.004375627223,14.00588476575616,17.5
67811,Stoic Holdings,"Arctic Industries, LLC.",Florida,Buyout,1/31/2018,400.00555,Manufacturing,89.60585574193802,34.6019010512544,6.003102686769124
80719,Stone Point Capital,"HireRight, LLC",California,Buyout,6/1/2018,3397.0752,Business Services,301.1503349255028,14.0053063739248,3569.895639261804
66328,Stone Point Capital,"Genex Services, LLC",Pennsylvania,Buyout,2/9/2018,841.18048,Insurance,783.0085035744504,14.00994601623792,137.1361455943764
74053,Stone Point Capital,Rialto Capital Management LLC,Florida,Buyout,10/29/2018,340,Financial Services,89.60523606876787,34.60070120207166,28.37619582160969
68169,Stone Point Capital,"Mitchell International, Inc.",California,Buyout,4/26/2018,3397.0732,Software,301.154073220324,14.00742449016947,3569.902351545044
66834,Stone Point Capital,"Grace Hill, LLC",South Carolina,Buyout,2/28/2018,1105.0076,Software,556.0048161939785,14.00857511965263,65
74236,Stone Point Capital,"Eliassen Group, LLC",Massachusetts,Buyout,11/5/2018,223.70041,Business Services,862.4124744628991,14.00753871455494,185
66694,Stone Point Capital,"Pre-Paid Legal Services, Inc.",Oklahoma,Buyout,2/27/2018,141.1019,Business Services,862.4153676409244,14.00573344167027,1845.667050308715
67548,Stone Point Capital,"American Mortgage Consultants, Inc.",New York,Buyout,4/2/2018,2635.0051,Business Services,2550.009395336864,358.0093880111451,133.1989918032917
75549,Stonehenge Growth Capital,"Algiere Construction Services, Inc.",Texas,Buyout,11/1/2018,205.00725,Business Services,2200.002149805618,14.00012099986601,325.0098502311408
73202,Stonehenge Partners,"EMX Industries, Inc.",Ohio,Buyout,10/1/2018,98.504799,Electronics,93.00247032469494,12.80323084371586,69.43719802397138
73682,Stonehenge Partners,Queen City Hospice,Ohio,Buyout,3/19/2018,2.9492841,Healthcare,93.00304463314248,12.80332949359392,52.70947588367155
74657,StonePoint Materials LLC,VantaCore Partners LLC,Texas,Buyout,11/19/2018,205,Materials,2200.00249632211,14.00925666896332,325.0069896873571
71812,Strait Lane Capital Partners,Arise Virtual Solutions Inc.,Florida,Buyout,3/12/2018,400.00385,Outsourcing,89.60058510250356,34.6025331620047,6.006999829831328
70682,Style Capital,ReDone LLC,California,Buyout,7/10/2018,6413.3872,Retail,301.1555076698961,14.00259513558525,754.9498116785029
67755,Sumeru Equity Partners,Actian Corporation,California,Buyout,4/12/2018,330,IT,301.1508765808495,14.00150154786355,754.9545059960868
67477,Sumeru Equity Partners,"Azuga, Inc. ",California,Buyout,3/1/2018,330.00922,Software,301.1526205377842,14.00813424085904,754.9486592997049
66565,Summit Park Partners,Fast Growing Trees Nursery,South Carolina,Buyout,2/5/2018,1300.0057,Consumer Products,556.0009616636389,14.00694799946326,20.5
72176,Summit Partners,"MercuryGate International, Inc.",North Carolina,Buyout,7/23/2018,213028.31,Software,862.4126141929503,14.00456076079685,4.596361546132536
68997,Summit Partners,"Teaching Strategies, LLC",Maryland,Buyout,5/14/2018,6487.9224,Publishing,3756.006790012105,14.00750184302855,13.90878327465377
72552,Summit Partners,Princess Polly Online Pty Ltd,Queensland,Buyout,5/1/2018,328.81088,Retail,862.4148738206334,14.0099622370832,4.588316522825331
68019,Summit Partners,"Sound Inpatient Physicians, Inc.",Washington,Buyout,4/21/2018,2271.0901,Business Services,862.4188905618123,14.0052922317915,856.0089948823984
75198,Sun Capital Partners,Regal Beloit’s Drive Technologies Businesses,Wisconsin,Buyout,12/5/2018,500.0025,Engineering,862.4136188834875,14.00853972846348,842.5638098454357
75226,Sun Capital Partners,Tier One Relocation LLC,West Virginia,Buyout,12/6/2018,12.324968,Logistics,862.411429307793,14.00742016603876,4.595310756292016
74657,Sun Capital Partners,VantaCore Partners LLC,Texas,Buyout,11/19/2018,205,Materials,2200.010157631669,14.00980728177059,325.0063211490884
80166,"Sunny River Management, LLC","Fire Safety and Protection, LLC",Georgia,Buyout,6/30/2018,1198.9709,Consumer Services,105.00430966896,47.00662408826808,40.3231441718271
65610,Susquehanna Growth Equity,"Evive Health, LLC",Illinois,Buyout,1/11/2018,43,Healthcare,746.8534656869031,14.00844055471647,111.7088973990094
71953,Sverica,"Gener8, Inc.",California,Buyout,8/21/2018,3996.5613,Electronics,301.1492794790494,14.0094079185434,994.6739680985868
74559,Swander Pace Capital,Bäckerhaus Veit Ltd.,Ontario,Buyout,11/15/2018,12.321656,Food,862.4165203407376,14.00543870974037,12.80577031071758
72666,Swander Pace Capital,Fine Choice Foods Ltd.,British Columbia,Buyout,9/13/2018,10.505429,Food,862.4167013102181,14.00632330646444,523.6977966327822
74290,Sycamore Partners,"Pure Fishing, Inc.",South Carolina,Buyout,11/7/2018,1300,Consumer Products,556,14.00079906160649,13.75533567230534
68594,Symphony Technology Group,"Winshuttle, LLC",Washington,Buyout,5/2/2018,500.00211,Software,862.418735382051,14.00269174260724,856.0067688067752
73770,Symphony Technology Group,"AFS Technologies, Inc.",Arizona,Buyout,10/17/2018,150.00606,Software,862.4144821766733,14.00166418414268,35.47729291904511
70376,Symphony Technology Group,"Market Strategies, Inc.",Michigan,Buyout,6/26/2018,12.320345,Business Services,862.4199910824157,14.00652908870656,11.70085721804172
70375,Symphony Technology Group,Morpace Inc.,Michigan,Buyout,6/26/2018,12.322894,Business Services,862.4194583901174,14.00747743492651,11.7077127240842
75336,TA Associates,"Netsmart Technologies, Inc.",Kansas,Buyout,12/10/2018,566.59998,Software,397.0007168953784,80.0020119282369,11.50662045424739
67111,TA Associates,"Confluence Technologies, Inc.",Pennsylvania,Buyout,3/13/2018,560.72339,Software,783.0027143073183,14.00887847749222,29.00230608351461
79004,Tailwind Capital,Loenbro,Montana,Buyout,10/15/2018,12.324573,Construction,862.4192499368421,14.00009349422147,2.138683540210665
68328,Tailwind Capital,"Abode Healthcare, Inc.",Colorado,Buyout,4/16/2018,.13088599,Healthcare,862.4109614754764,14.00145831819795,80
78961,Talisman Capital Partners,"Aysco Security Consultants,Inc",Ohio,Buyout,6/1/2018,98.505257,Hardware,93.00211824890582,12.80063863142816,52.70975876452169
67305,Technology Crossover Ventures,"Avetta, LLC",California,Buyout,3/21/2018,3996.5613,Software,301.1509038057367,14.00270020134452,205
68593,Tecum Capital Partners,"Connecticut Electric, Inc.",Indiana,Buyout,3/8/2018,62.938984,Manufacturing,862.4162793549679,14.00664085253779,4.594950414549381
73303,Tecum Capital Partners,FSC Lighting Inc.,California,Buyout,9/10/2018,3996.5557,Manufacturing,301.154798454717,14.00466423446018,754.9573279751997
69873,Tengram Capital Partners,"Lime Crime, Inc",California,Buyout,6/18/2018,3996.5542,Consumer Products,301.1493035446575,14.00617836566347,754.9551737771902
73814,TerraNova Partners,"York Analytical Laboratories, Inc.",Connecticut,Buyout,10/19/2018,687.0271,Environmental Services,862.4194082430533,14.00895213113803,4.594671810332508
83856,Terrapin Klaff Investments,Heico Corporation,Florida,Buyout,6/1/2018,400.0036,Manufacturing,89.60512585000079,34.60168872030118,6.007813740568961
71024,TGP Investments,"Mid-America Precision Products, LLC",Missouri,Buyout,6/1/2018,395.00577,Manufacturing,330.0054832855285,14.00591437855441,187.5060651458961
69569,The Firefly Group,"EOS Worldwide, LLC",Michigan,Buyout,6/6/2018,12.328635,Education / Training,862.4191052335284,14.00878406280357,11.70874526139925
66662,The Foundry,Welle Pty Ltd,Western Australia,Buyout,2/25/2018,12.326514,Food,862.4142506331175,14.00135103845209,4.588306686196298
70535,The Growth Fund,Soar Aviation Pty. Ltd.,Victoria,Buyout,7/4/2018,32.345406,Education / Training,862.4113769323069,14.00702519632581,4.595270850051016
72520,The Growth Fund,Askin Performance Panels,Victoria,Buyout,6/1/2018,32.352116,Materials,862.4191625089354,14.00430189037401,4.591945667572142
68749,The Halifax Group,"ChanceLight Behavioral Health, Therapy and Education",Tennessee,Buyout,5/15/2018,200.00336,Healthcare,1800.000464416971,14.00894158111591,25.20406209407318
67303,The HiGro Group,"DRS Imaging Services, LLC",New Jersey,Buyout,3/20/2018,271.40497,Outsourcing,862.4141244417026,14.00929307250011,34.23607212579413
73396,The Jordan Company,"Carlisle FoodService Products, Incorporated",Oklahoma,Buyout,2/1/2018,442.66913,Consumer Products,862.4145153010234,14.00762465979609,2442.964272412513
73993,The Jordan Company,Gladson Holdings LLC,Illinois,Buyout,10/25/2018,3841.3442,Software,746.8546273683912,14.00441357224885,699.1301742000102
69486,The Jordan Company,"GlobalTranz Enterprises, Inc.",Arizona,Buyout,6/5/2018,400,Software,862.4162309061705,14.00697507347617,222
67640,The Stagwell Group,ReputationDefender,California,Buyout,4/5/2018,3996.5537,Software,301.1482201802966,14.00932407622862,754.9527786423054
82720,The Stephens Group,"Acute Technological Services,",Texas,Buyout,5/23/2018,205.00891,Oil & Gas,2200.008393933024,14.00928520934362,325.0001521396149
75644,The Sterling Group,Artisan Design Group,Texas,Buyout,12/14/2018,1489.3442,Distribution,6219.196564764559,14.00028556439032,325.0042069229781
79037,The Sterling Group,Tangent,Illinois,Buyout,12/12/2018,1440.5043,Manufacturing,746.8547517632849,14.00695695180151,111.7079217194032
70692,The Strategic Group,"Ascenda BioSciences, LLC",Georgia,Buyout,7/11/2018,1198.9753,Medical Technologies,105.0035273884982,47.0067141741694,40.32455194366406
66669,The Western Investment Company Of Canada Limited,Foothills Creamery Ltd,Alberta,Buyout,2/26/2018,27.6,Food,862.4157559507496,14.0086788671248,4.595401116002173
69997,Third Century Management,"BriteSky Technologies, Inc.",Ontario,Buyout,6/20/2018,12.328509,IT Infrastructure,862.4133447931583,14.00085956427905,12.80839701337269
66367,Thoma Bravo,Nintex Global Ltd.,Washington,Buyout,2/9/2018,1804.8826,Software,286.3781645252833,14.00877933820415,856.0058272932033
69330,Thoma Bravo,"LogRhythm, Inc.",Colorado,Buyout,5/31/2018,15.337087,IT Security,286.3841845708897,14.00922776722986,80.00257925013531
74202,Thoma Bravo,"Veracode, Inc.",Massachusetts,Buyout,11/5/2018,950,Software,286.3808637986889,14.00823809357065,39.12838154503557
72362,Thoma Bravo,Apttus Corporation,California,Buyout,9/4/2018,14426.588,Software,100.0081660688603,14.00430871929679,754.953189741594
71688,Thoma Bravo,"Quorum Business Solutions, Inc.",Texas,Buyout,8/13/2018,740,Software,730.5468204207275,14.00670562043491,325.0011473121373
70681,Thoma Bravo,Centrify Corporation,California,Buyout,7/10/2018,14426.59,IT,100,14.00486900109503,754.9516802665379
71423,Thomas H Lee Partners,Juvare,Georgia,Buyout,4/27/2018,1198.9691,Software,105.0062286269944,47.00823090795362,40.32159651568867
66387,Thomas H Lee Partners,"Alfresco Software, Ltd.",California,Buyout,2/8/2018,3996.5566,Software,301.1510587035401,14.00162436288487,754.9578214141142
70601,Thomas H Lee Partners,Lifeworks Limited,Georgia,Buyout,4/1/2018,1198.9684,Software,105,47.00828422989631,40.32159910558033
67428,Thompson Street Capital Partners,YX Genomics Holding Corporation,Tennessee,Buyout,3/22/2018,6700.0112,Biotechnology,1800.002756089107,14.00307959142778,22.5
73732,Thompson Street Capital Partners,"Savillex, LLC",Minnesota,Buyout,8/29/2018,2474.0583,Industrials,154.1947589619127,14.00306312471334,252.5046522909073
72755,Thompson Street Capital Partners,"LifeSpan BioSciences, Inc.",Washington,Buyout,9/17/2018,14.932448,Healthcare,862.4103991548966,14.00119134352248,856.0024060792598
68327,Thompson Street Capital Partners,"Transnetyx, Inc.",Tennessee,Buyout,3/22/2018,200.00548,Healthcare,1800.00521445218,14.00700922740329,25.2
72539,Tiger Peak Capital,"Voice Comm, LLC",New Jersey,Buyout,9/10/2018,435.53192,Retail,862.4108069794222,14.00726893135983,34.24179542874521
80697,Tilia Holdings,"UCS & UPC Holdings Company, LLC",Nebraska,Buyout,11/28/2018,190.00156,Food,862.4134202745247,14.00093844916377,4.591553048983038
79022,Tilia Holdings,"Refrig-It,",New Jersey,Buyout,1/1/2018,1971.7416,Distribution,2437.955887253858,14.00021848893779,34.23387568345829
80720,Tilia Holdings,Labstat International ULC,Ontario,Buyout,6/1/2018,12.327092,Medical Technologies,862.4153695906482,14.00656918167773,12.80861320035061
75846,TorQuest Partners,1263343 Alberta Inc.,Alberta,Buyout,12/20/2018,12.329851,Transportation,862.4196763792045,14.00775983195457,4.593837044022799
74466,TorQuest Partners,Bartek Ingredients Inc.,Ontario,Buyout,11/13/2018,12.323576,Chemicals,862.4188873291916,14.00825236422646,12.80734188170633
66626,TorQuest Partners,A&W Food Services of Canada Inc.,British Columbia,Buyout,2/23/2018,10.500732,Restaurants,862.4132495740398,14.00800316745121,523.6974831845282
71570,Tower Arch Capital,"Panoramic Doors, LLC",California,Buyout,8/8/2018,3996.5552,Manufacturing,301.1492730589772,14.00267857603434,754.9556180636931
75287,TowerBrook Capital Partners,"Orchid Underwriters Agency, LLC",Florida,Buyout,12/3/2018,400.00082,Insurance,89.60461697581168,34.60696399225054,135
67533,TPG,"Wind River Systems, Inc.",California,Buyout,4/3/2018,3996.5596,Software,301.1556407428535,14.00387213739272,2838.668669870072
68017,TPG,"Curo Health Services, LLC",North Carolina,Buyout,4/23/2018,1400,Healthcare,862.4108141642848,14.00660249601755,17.24647304706696
68425,TPG,"Renaissance Learning, Inc.",Wisconsin,Buyout,5/3/2018,500.00143,Software,862.4154222737036,14.00635463522453,3168.087231543377
69880,TPG,"CLEAResult Consulting, Inc. ",Texas,Buyout,6/18/2018,205.00102,Business Services,2200.001748810015,14.00172197608448,1222.028599147044
75011,TPG,Q-Centrix LLC,New Hampshire,Buyout,11/30/2018,12.320883,Business Services,862.4122812330227,14.00707719905007,30.08655016075826
68831,TPG,"HALO Branded Solutions, Inc.",Illinois,Buyout,5/17/2018,1440.5077,Marketing,746.8472834244619,14.00379347462844,420
73568,TPG,Bardin Hill Investment Partners LP,New York,Buyout,10/10/2018,3100.0083,Financial Services,2550.008345827592,358.001653162493,105.9130222758274
73654,Transom Capital Group,Gene Juarez Salons LLC,Washington,Buyout,10/15/2018,500.00848,Consumer Services,862.4172307545289,14.00244540336247,856.0042982301052
73946,Tress Capital,Turning Points Global LLC,California,Buyout,10/1/2018,3996.5544,Business Services,301.1527269092577,14.00663912307176,754.9528974487979
69558,Trilantic North America,"Sunbelt Transformer, Ltd.",Texas,Buyout,6/7/2018,1489.3424,Distribution,6219.196846810013,14.0070730849326,325.0095890612826
78973,Trilantic North America,DJR Energy,Colorado,Buyout,6/1/2018,4.2552867,Oil & Gas,862.4119413362553,14.00575133237693,80.00712625029948
71395,Trilantic North America,"Taymax Fitness Holdings, LLC",New Hampshire,Buyout,8/1/2018,12.329326,Leisure,862.4161047543369,14.00425080127719,8.001278293628774
71998,Trinity Hunt Partners,Veracity Research Co. Investigations,Texas,Buyout,8/22/2018,205.00354,Information Services,2200.003984831698,14.00614819593433,325.0037264592498
71182,Trinity Hunt Partners,"Improving Holdings, LLC",Texas,Buyout,7/26/2018,205.0076,Software,2200.008630462881,14.00170095147736,325.0061710957922
72582,TriSpan,STACKED,California,Buyout,9/10/2018,6.739027,Restaurants,301.1537446269023,14.00688674265224,754.9500768054344
69599,TriSpan,"Rosa Mexicano, Inc.",New York,Buyout,3/29/2018,5.2199998,Restaurants,2550.007766579409,358.0056511850195,28.17170422230187
75977,Trive Capital,"EarthLink, LLC",Georgia,Buyout,12/31/2018,330,Internet,105.0034297386277,47.00287837732518,40.32584154696445
68512,Trive Capital,"SSW Holding Company, Inc.",Kentucky,Buyout,5/7/2018,300.61346,Materials,1700.002627233495,136.00199655866,4.591916385393412
68578,Trivest Partners,Oil Changers Inc.,California,Buyout,2/27/2018,3996.5525,Transportation,301.1526236968303,14.00622038554106,35
73679,True West Capital Partners,"Peltram Plumbing, Inc.",Washington,Buyout,7/24/2018,500.00797,Utilities,862.4104953670669,14.00529512867037,856.0088170333142
70930,TSG Consumer Partners,"Privé Goods, LLC",Florida,Buyout,7/19/2018,400.00897,Consumer Products,89.60260628180522,34.60374321149794,6.00189966014659
73222,TSG Consumer Partners,Dutch Bros Coffee,Oregon,Buyout,10/1/2018,12.323425,Beverages,862.4192077488608,14.00791129713583,507.0316188276678
72001,Tuatara Capital,"Connecticut Pharmaceutical Solutions, LLC",Connecticut,Buyout,8/22/2018,20.515001,Healthcare,862.4133289527583,14.00110742018263,4.595917067777187
71992,Turnspire Capital Partners,"LaserMasters, LLC",Arizona,Buyout,8/22/2018,150.00983,Computer Services,862.4158293697021,14.0068035001092,35.4746146062182
67589,Uniban Canada Inc.,Clairus Group,Quebec,Buyout,4/4/2018,1000.0062,Transportation,862.413079152486,14.00719874549362,4.588392550412387
72634,Union Capital Corp,"Albie's Foods, Inc.",Michigan,Buyout,9/4/2018,12.329381,Food,862.4182503585673,14.00892265850383,11.70230745102855
79048,Union Park Capital,"Vieux & Associates,",Oklahoma,Buyout,7/18/2018,166.00117,Technology,862.4117935630695,14.00706338474232,390.3194967714578
80270,Union Park Capital,Tiger Optics LLC,Pennsylvania,Buyout,6/15/2018,989.633,Electronics,783.0063654431523,14.0050451537751,38.20909559534159
67761,Union Partners,"Maksteel, Inc.",Ontario,Buyout,4/10/2018,12.323572,Manufacturing,862.4129523706126,14.00505215219859,12.80846706373146
82707,Valesco Industries,Access Destination Service,Arizona,Buyout,3/19/2018,150.00755,Business Services,862.4187504117347,14.00379358196336,35.46910721941389
73733,Validor Capital,BICO Steel Service Centers,Ohio,Buyout,10/17/2018,98.502975,Materials,93.0069743922854,12.80878918801856,52.70589139537653
65367,Värde Partners,OneMain Financial Inc. ,Maryland,Buyout,1/3/2018,1428.37,Financial Services,3756,14.00551744328517,13.90149127687088
81260,Variant Equity,"Coach USA, LLC",New Jersey,Buyout,12/19/2018,271.39999,Transportation,862.4164158072292,14.0030276075628,34.24114641425735
75541,Vector Capital,Host Analytics Inc.,California,Buyout,12/13/2018,3996.5613,Software,301.15642480284,14.00265945411924,754.9553880144443
77993,Veritas Capital,API Healthcare Corporation,Wisconsin,Buyout,4/2/2018,1050,Software,862.4187458976141,14.00517761112827,842.566354725349
67436,Veritas Capital,Virence Health Technologies,Washington,Buyout,4/2/2018,1050,Healthcare IT,862.4174398257367,14.00151568033438,856
73737,Vestar Capital Partners,"Information Resources, Inc.",Illinois,Buyout,11/15/2018,1440.5034,Software,746.8473943694278,14.00038290456691,111.7005579705502
71558,Vista Equity Partners,"Alegeus Technologies, LLC",Massachusetts,Buyout,8/7/2018,750,Healthcare IT,862.4139252257503,14.00614413490224,39.12513075427565
72358,Vista Equity Partners,"Spredfast, Inc.",Texas,Buyout,9/4/2018,584.21747,Internet,2200.004762168001,14.00883584620136,325.0028735079355
67845,Vista Equity Partners,PowerSchool Group LLC,California,Buyout,4/16/2018,11389.413,Software,301.15044888353,14.00958574434448,754.9488815239814
75414,Vista Equity Partners,"7Park Data, Inc.",New York,Buyout,12/11/2018,8834.4014,Software,2550.003442850095,358.0040880951198,28.17313238824057
67898,Vista Equity Partners,"LogicMonitor, Inc.",California,Buyout,4/17/2018,11389.413,Software,301.150316874143,14.00830511713106,754.9552589303415
69470,Vista Equity Partners,"Integral Ad Science, Inc.",New York,Buyout,6/4/2018,8834.4102,Advertising,2550.002866643845,358.0088665953005,28.16867784093405
68714,Vocap Investment Partners,"Liberation Way, LLC",Pennsylvania,Buyout,5/14/2018,29.541178,Healthcare,783.0018220889996,14.00645002221394,29.00341145886972
78273,Walgreens Boots Alliance Inc,BrightSpring Health Services,Kentucky,Buyout,12/10/2018,1320,Healthcare,1700,136,4.593755157485426
69767,Wand Partners,"Prosperity Life Insurance Group, LLC",Texas,Buyout,3/14/2018,205.00362,Insurance,2200.005408940795,14.00336158426184,325.0087956284657
69097,Warburg Pincus,Labstat International ULC,Ontario,Buyout,5/17/2018,4.9196215,Medical Technologies,862.4113205503875,14.00419339129407,12.80876904973289
66207,Warburg Pincus,Sagent Lending Technologies,Pennsylvania,Buyout,2/7/2018,395,Software,783.0016209398544,14.00242105928886,29.00015880456243
69325,Warburg Pincus,Vivtera,New York,Buyout,5/31/2018,1237.3481,Software,2550.003059775933,358.0007215137227,28.16899339164878
68820,Warren Equity Partners,"Superior Industrial Maintenance Company, Inc.",North Carolina,Buyout,5/17/2018,3520.5356,Industrial,862.4114167905848,14.00868653842885,4.587640734094017
68093,Warren Equity Partners,Meridian Waste,Georgia,Buyout,2/20/2018,90,Environmental Services,105.0092261720542,47.00675252417037,40.32653000342901
75778,Warren Equity Partners,"StormTrap, LLC",Illinois,Buyout,12/19/2018,108.13347,Industrial,746.8464081345608,14.00757352087352,111.7078975385439
71976,Washington Equity Partners,Accu-Tube Corporation,Colorado,Buyout,8/21/2018,4.2558169,Manufacturing,862.4182037905759,14.00529671750668,80.00144116905969
69738,Water Street Healthcare Partners,The Patient Experience Project,New York,Buyout,4/24/2018,3100.0029,Digital Media,2550.004511527383,358.0075450560177,6.687225917401118
67935,Water Street Healthcare Partners,Eversana,Ohio,Buyout,4/18/2018,98.50782,Healthcare IT,93.00904664834385,12.80162454231133,12.51279659986259
66539,Water Street Healthcare Partners,"Dohmen Life Science Services, LLC",Wisconsin,Buyout,2/20/2018,500.00739,Outsourcing,862.4142200806148,14.00981009343344,200
67203,Waterfall Asset Management,"Mid Atlantic Capital Group, Inc.",Pennsylvania,Buyout,3/14/2018,989.62817,Financial Services,783.0023848785003,14.00171224062036,29.00919931132279
83760,Watervale Equity Partners,"Adorn, Inc.",Indiana,Buyout,2/22/2018,62.947075,Manufacturing,862.4131077277909,14.0004255635064,4.592851768068791
73202,Watervale Equity Partners,"EMX Industries, Inc.",Ohio,Buyout,10/1/2018,98.504364,Electronics,93.00719812111353,12.80540021785957,69.43892741152851
70847,Waud Capital Partners,"Texas Digestive Disease Consultant, PLLC ",Texas,Buyout,11/2/2018,6.1229696,Healthcare,2200.001092357403,14.002864271744,325.003502402829
78994,Waud Capital Partners,"Ioffice,",Texas,Buyout,10/1/2018,205.00317,IT,2200.004171534866,14.00266049813185,325.0055591507368
78973,Waveland Capital Partners,DJR Energy,Colorado,Buyout,6/1/2018,4.2527776,Oil & Gas,862.415833395344,14.00274325708564,80.00845873588216
69053,Webster Equity Partners,Behavior Development Group,Florida,Buyout,5/16/2018,11.949666,Healthcare,89.60886809782069,34.60852875759957,6.007651988464202
80267,Webster Equity Partners,ShelterLogic Corp.,Connecticut,Buyout,6/22/2018,687.02789,Manufacturing,862.4144780918925,14.00758375238333,4.596325306508512
71486,Webster Equity Partners,"Jean Brown Associates, Inc.",Utah,Buyout,8/6/2018,480.18256,Medical Technologies,862.4188258898414,14.00080790841425,4.596013525787563
74962,Webster Equity Partners,Cliffside Malibu Inc.,California,Buyout,6/15/2018,119.30435,Healthcare,301.1563604270297,14.00959424359429,754.9503828873925
66888,Webster Equity Partners,Tempus LLC,California,Buyout,3/6/2018,3996.5564,Business Services,301.1508718918732,14.00610107985962,754.9518664658602
74145,Webster Equity Partners,"Sundance Holdings Group, LLC",Utah,Buyout,11/1/2018,770.5683,Retail,862.4122381218679,14.00555673904422,4.595075377549798
66180,Wellspring Capital Management,"SupplyOne, Inc.",Pennsylvania,Buyout,2/1/2018,989.63226,Logistics,783.0002200839607,14.00207506294068,170
67305,"Welsh, Carson, Anderson & Stowe","Avetta, LLC",California,Buyout,3/21/2018,3996.561,Software,301.1496641182995,14.00310691829476,205
79044,"Welsh, Carson, Anderson & Stowe",US Radiology Specialists,North Carolina,Buyout,4/4/2018,1400,Healthcare,862.4145307204656,14.00826863350052,1.245905578238307
68017,"Welsh, Carson, Anderson & Stowe","Curo Health Services, LLC",North Carolina,Buyout,4/23/2018,1400,Healthcare,862.4193930597014,14.00492997292135,1.251951084341272
80722,"Welsh, Carson, Anderson & Stowe",MediMedia Information Technologies,Pennsylvania,Buyout,6/1/2018,29.541077,Healthcare,783.001364590289,14.00415407597724,7.879116689326496
82846,West Lane Capital Partners,Body Spa Group,Nevada,Buyout,12/13/2018,12.322602,Consumer Services,862.413950555396,14.00486898246858,12.30162002193645
65876,White Oak Equity Partners,Blueshift Asset Management,New Jersey,Buyout,1/23/2018,271.40854,Financial Services,862.4119896950635,14.00052909156479,34.23745671305409
67475,White Oak Equity Partners,Fundamental Advisors LP,New York,Buyout,4/3/2018,3100.0054,Financial Services,2550.009343022612,358.0027143489203,28.17288787881183
71855,White Oak Group,"PRISM Response, Inc.",Pennsylvania,Buyout,7/27/2018,989.6236,Construction,783.0066235997164,14.00901727808345,13.48922753736056
67701,WILsquare Capital,Quest Software Inc.,Michigan,Buyout,4/10/2018,12.323133,Software,862.4147502085164,14.00259676702957,11.70535521137173
69225,Wincove Capital,"Wesco Industrial Products, LLC",Pennsylvania,Buyout,1/16/2018,989.62659,Industrial,783.0079556783111,14.00413663929034,29.00594953151352
69425,Wind Point Partners,Pestell Group,Ontario,Buyout,6/1/2018,12.329533,Food,862.4125079851567,14.00305811233524,72
66906,Wind Point Partners,OX Engineered Products,Michigan,Buyout,2/28/2018,12.328946,Construction,862.4103411963936,14.00942823068875,30.6
70276,Windjammer Capital Investors,"Rowmark, LLC",Ohio,Buyout,6/28/2018,98.509323,Manufacturing,93.00724015496095,12.80684269124133,52.7027859498444
72653,Wonik QnC Corporation,MPM Holdings Inc.,New York,Buyout,9/13/2018,3100,Chemicals,2550,358,28.17646306878227
75171,Wynnchurch Capital Partners,Buchanan Rubber Ltd,Ontario,Buyout,12/5/2018,12.321211,Industrial,862.4170459247164,14.00182654498316,6.002209353560562
71548,Wynnchurch Capital Partners,Logistik Unicorp Inc.,Quebec,Buyout,8/2/2018,1000.0029,Business Services,862.4190461709134,14.00666718242395,2.150630309993409
70322,Wynnchurch Capital Partners,"Critical Process Systems Group, Inc.",Idaho,Buyout,6/26/2018,12.321872,Business Services,862.4156629968404,14.008936321006,76.5
66853,Wynnchurch Capital Partners,"Team Car Care, LLC",Texas,Buyout,3/6/2018,205.0058,Transportation,2200.006253293674,14.00500835535753,152.187738682818
74266,Wynnchurch Capital Partners,"Midland Metal Mfg. Co., Inc.",Missouri,Buyout,11/2/2018,395.00647,Manufacturing,330.0020678669725,14.00288164300549,87.8
72416,Wynnchurch Capital Partners,Infra Pipe Solutions Ltd.,Ontario,Buyout,9/5/2018,12.321258,Manufacturing,862.4178119393966,14.00590138194788,5.99709367153419
67532,Yellow Point Equity Partners,"The State Group, Inc.",Ontario,Buyout,4/4/2018,12.327332,Outsourcing,862.4106822836532,14.00115456140306,12.80536518539763
82845,Yellow Wood Partners,Body Benefits,Illinois,Buyout,9/17/2018,1440.5007,Manufacturing,746.8528002075634,14.00413924047429,111.7095501481008
72635,York Capital Management,"Mode Transportation, LLC",Texas,Buyout,8/31/2018,238.5,Logistics,2200.006367759738,14.00606342695359,325.0058323453665
65493,Yukon Partners,"48forty Solutions, LLC",Georgia,Buyout,1/8/2018,115,Logistics,105.0029006039817,47.00427264964143,40.3229217356747
69557,Yukon Partners,"Good Sportsman Marketing, LLC",Texas,Buyout,6/7/2018,19.668976,Consumer Products,2200.002290576888,14.00927391612608,325.0021838123463
70038,Z Capital Group,CTM Group Inc.,New Hampshire,Buyout,12/3/2018,12.322097,Leisure,862.4177332966558,14.00272846372503,8.00883104659856
75732,"ZephyrTel, Inc.",NewNet's Mobile & IoT Messaging and Interact Business Units ,Illinois,Buyout,12/18/2018,1440.5063,Telecoms,746.8519357576749,14.008364101515,111.7006682938582
82394,Zoma Capital,Penn Foster,Pennsylvania,Buyout,5/1/2018,989.62518,Education / Training,783.0099561824844,14.00781362002421,29.00061844161877
